<div>
  <ul
    class="product-list"
    data-auto="product-list"
    data-auto-last-updated="1655727975969"
  >
    <li class="product-list--list-item first">
      <div class="product-tile-wrapper">
        <div
          data-auto="product-tile"
          data-auto-type="Quantity"
          data-auto-available="true"
          data-auto-why-not-try="false"
          data-auto-is-restricted-disabled="false"
          data-auto-is-substitute="false"
          class="product-tile"
        >
          <div class="horizontal-tile pending-order-tile">
            <div
              class="tile-content"
              id="tile-256650348"
              data-auto-id="256650348"
            >
              <a
                href="/groceries/en-GB/products/256650348"
                aria-hidden="true"
                class="product-image-wrapper"
                tabindex="-1"
                ><div class="product-image__container">
                  <img
                    src="https://digitalcontent.api.tesco.com/v2/media/ghs/2ce1331f-04dc-4026-8c8c-12c8d8c0ad2c/00323c37-700d-496d-8f25-f746baecad71_2131891180.jpeg?h=225&amp;w=225"
                    alt="V8 Vegetable Juice 1 Litre"
                    class="product-image"
                    srcset="
                      https://digitalcontent.api.tesco.com/v2/media/ghs/2ce1331f-04dc-4026-8c8c-12c8d8c0ad2c/00323c37-700d-496d-8f25-f746baecad71_2131891180.jpeg?h=225&amp;w=225  768w,
                      https://digitalcontent.api.tesco.com/v2/media/ghs/2ce1331f-04dc-4026-8c8c-12c8d8c0ad2c/00323c37-700d-496d-8f25-f746baecad71_2131891180.jpeg?h=225&amp;w=225 4000w
                    "
                  /></div
              ></a>
              <div class="product-details--wrapper">
                <div class="product-details--content">
                  <h3 class="ui__StyledTitle-sc-18aswmp-1 kIHRSq">
                    <a
                      href="/groceries/en-GB/products/256650348"
                      class="ui__StyledLink-sc-18aswmp-0 eYySMn"
                      data-auto="product-tile--title"
                      >V8 Vegetable Juice 1 Litre</a
                    >
                  </h3>
                  <div class="price-per-quantity-weight">
                    <span
                      ><span class="currency">£</span
                      ><span class="space"> </span
                      ><span data-auto="price-value" class="value"
                        >0.22</span
                      ></span
                    ><span class="weight">/100ml</span>
                  </div>
                </div>
                <a
                  href="/groceries/en-GB/reviews/submission/256650348?from=%2Forders%2F3031-0443-26"
                  aria-label="Write a review for V8 Vegetable Juice 1 Litre"
                  class="tile-link__StyledLink-sc-1edp62s-0 ebRBWM icon-chevron_right-link"
                  data-auto="review-link"
                  >Write a review</a
                >
                <div class="quantity-label">2 items</div>
                <div class="price-control-wrapper">
                  <div
                    class="price-per-sellable-unit price-per-sellable-unit--price price-per-sellable-unit--price-per-item"
                  >
                    <div class="">
                      <span
                        ><span class="currency">£</span
                        ><span class="space"> </span
                        ><span data-auto="price-value" class="value"
                          >2.20</span
                        ></span
                      >
                    </div>
                  </div>
                </div>
              </div>
            </div>
          </div>
        </div>
      </div>
    </li>
    <li class="product-list--list-item">
      <div class="product-tile-wrapper">
        <div
          data-auto="product-tile"
          data-auto-type="Quantity"
          data-auto-available="true"
          data-auto-why-not-try="false"
          data-auto-is-restricted-disabled="false"
          data-auto-is-substitute="false"
          class="product-tile"
        >
          <div class="horizontal-tile pending-order-tile">
            <div
              class="tile-content tile-content--has-product-tile-actions"
              id="tile-273664769"
              data-auto-id="273664769"
            >
              <div class="product-tile-actions--has-no-text">
                <div class="favourite-icon">
                  <span
                    class="favorite-heart-icon"
                    title="This item is in your favourites"
                  ></span
                  ><span class="visually-hidden"
                    >This item is in your favourites</span
                  >
                </div>
              </div>
              <a
                href="/groceries/en-GB/products/273664769"
                aria-hidden="true"
                class="product-image-wrapper"
                tabindex="-1"
                ><div class="product-image__container">
                  <img
                    src="https://digitalcontent.api.tesco.com/v2/media/ghs/17f39b32-b668-459c-87be-51d82d68bfba/d7027dd5-3a45-4f65-9a6d-05575e3357a1.jpeg?h=225&amp;w=225"
                    alt="Tesco Finest Shiitake Mushrooms 125G"
                    class="product-image"
                    srcset="
                      https://digitalcontent.api.tesco.com/v2/media/ghs/17f39b32-b668-459c-87be-51d82d68bfba/d7027dd5-3a45-4f65-9a6d-05575e3357a1.jpeg?h=225&amp;w=225  768w,
                      https://digitalcontent.api.tesco.com/v2/media/ghs/17f39b32-b668-459c-87be-51d82d68bfba/d7027dd5-3a45-4f65-9a6d-05575e3357a1.jpeg?h=225&amp;w=225 4000w
                    "
                  /></div
              ></a>
              <div class="product-details--wrapper">
                <div class="product-details--content">
                  <h3 class="ui__StyledTitle-sc-18aswmp-1 kIHRSq">
                    <a
                      href="/groceries/en-GB/products/273664769"
                      class="ui__StyledLink-sc-18aswmp-0 eYySMn"
                      data-auto="product-tile--title"
                      >Tesco Finest Shiitake Mushrooms 125G</a
                    >
                  </h3>
                  <div class="price-per-quantity-weight">
                    <span
                      ><span class="currency">£</span
                      ><span class="space"> </span
                      ><span data-auto="price-value" class="value"
                        >13.20</span
                      ></span
                    ><span class="weight">/kg</span>
                  </div>
                </div>
                <a
                  href="/groceries/en-GB/reviews/submission/273664769?from=%2Forders%2F3031-0443-26"
                  aria-label="Write a review for Tesco Finest Shiitake Mushrooms 125G"
                  class="tile-link__StyledLink-sc-1edp62s-0 ebRBWM icon-chevron_right-link"
                  data-auto="review-link"
                  >Write a review</a
                >
                <div class="quantity-label">1 item</div>
                <div class="price-control-wrapper">
                  <div
                    class="price-per-sellable-unit price-per-sellable-unit--price price-per-sellable-unit--price-per-item"
                  >
                    <div class="">
                      <span
                        ><span class="currency">£</span
                        ><span class="space"> </span
                        ><span data-auto="price-value" class="value"
                          >1.65</span
                        ></span
                      >
                    </div>
                  </div>
                </div>
              </div>
            </div>
          </div>
        </div>
      </div>
    </li>
    <li class="product-list--list-item">
      <div class="product-tile-wrapper">
        <div
          data-auto="product-tile"
          data-auto-type="Quantity"
          data-auto-available="true"
          data-auto-why-not-try="false"
          data-auto-is-restricted-disabled="false"
          data-auto-is-substitute="false"
          class="product-tile has-promotion square-offer-sash"
        >
          <div class="horizontal-tile pending-order-tile">
            <div
              class="tile-content tile-content--has-product-tile-actions"
              id="tile-284477542"
              data-auto-id="284477542"
            >
              <div class="product-tile-actions--has-no-text">
                <div class="favourite-icon">
                  <span
                    class="favorite-heart-icon"
                    title="This item is in your favourites"
                  ></span
                  ><span class="visually-hidden"
                    >This item is in your favourites</span
                  >
                </div>
              </div>
              <a
                href="/groceries/en-GB/products/284477542"
                aria-hidden="true"
                class="product-image-wrapper"
                tabindex="-1"
                ><div class="product-image__container">
                  <img
                    src="https://digitalcontent.api.tesco.com/v2/media/ghs/2c01de9e-dcf6-4cf9-a37e-5edf21fe919e/fcc2f528-7c38-4852-99c7-9b3551b51375.jpeg?h=225&amp;w=225"
                    alt="Tesco Pink Lady Apple Minimum 5 Pack"
                    class="product-image"
                    srcset="
                      https://digitalcontent.api.tesco.com/v2/media/ghs/2c01de9e-dcf6-4cf9-a37e-5edf21fe919e/fcc2f528-7c38-4852-99c7-9b3551b51375.jpeg?h=225&amp;w=225  768w,
                      https://digitalcontent.api.tesco.com/v2/media/ghs/2c01de9e-dcf6-4cf9-a37e-5edf21fe919e/fcc2f528-7c38-4852-99c7-9b3551b51375.jpeg?h=225&amp;w=225 4000w
                    "
                  /></div
              ></a>
              <div class="product-details--wrapper">
                <div class="product-details--content">
                  <h3 class="ui__StyledTitle-sc-18aswmp-1 kIHRSq">
                    <a
                      href="/groceries/en-GB/products/284477542"
                      class="ui__StyledLink-sc-18aswmp-0 eYySMn"
                      data-auto="product-tile--title"
                      >Tesco Pink Lady Apple Minimum 5 Pack</a
                    >
                  </h3>
                  <div
                    class="promotions-wrapper hidden-small hidden-medium-small-only"
                  >
                    <ul class="product-promotions">
                      <li class="product-promotion">
                        <a href="/groceries/en-GB/promotions/88517990"
                          ><div class="list-item-content promo-content-small">
                            <span class="offer-text">£2.00 Clubcard Price</span
                            ><span class="dates"
                              >Offer valid for delivery from 21/06/2022 until
                              04/07/2022</span
                            >
                          </div></a
                        >
                      </li>
                    </ul>
                  </div>
                  <div class="price-per-quantity-weight">
                    <span
                      ><span class="currency">£</span
                      ><span class="space"> </span
                      ><span data-auto="price-value" class="value"
                        >0.56</span
                      ></span
                    ><span class="weight">/each</span>
                  </div>
                </div>
                <a
                  href="/groceries/en-GB/reviews/submission/284477542?from=%2Forders%2F3031-0443-26"
                  aria-label="Write a review for Tesco Pink Lady Apple Minimum 5 Pack"
                  class="tile-link__StyledLink-sc-1edp62s-0 ebRBWM icon-chevron_right-link"
                  data-auto="review-link"
                  >Write a review</a
                >
                <div class="quantity-label">1 item</div>
                <div class="price-control-wrapper">
                  <div
                    class="price-per-sellable-unit price-per-sellable-unit--price price-per-sellable-unit--price-per-item"
                  >
                    <div class="">
                      <span
                        ><span class="currency">£</span
                        ><span class="space"> </span
                        ><span data-auto="price-value" class="value"
                          >2.80</span
                        ></span
                      >
                    </div>
                  </div>
                </div>
              </div>
            </div>
            <div class="promotions-wrapper hidden-medium">
              <ul class="product-promotions">
                <li class="product-promotion">
                  <a href="/groceries/en-GB/promotions/88517990"
                    ><div class="list-item-content promo-content-small">
                      <span class="offer-text">£2.00 Clubcard Price</span
                      ><span class="dates"
                        >Offer valid for delivery from 21/06/2022 until
                        04/07/2022</span
                      >
                    </div></a
                  >
                </li>
              </ul>
            </div>
          </div>
        </div>
        <div
          class="styles__Wrapper-sc-1d2phhy-0 efDErh product-tile__StyledSpecialOfferSash-li9pa6-0 bVPzBo special-offer-sash special-offer-sash"
        >
          <span class="styles__CircleWrapper-sc-1d2phhy-2 hCbzjm"
            ><strong class="styles__TextWrapper-sc-1d2phhy-1 bLXNGg"
              >Clubcard Price</strong
            ></span
          >
        </div>
      </div>
    </li>
    <li class="product-list--list-item">
      <div class="product-tile-wrapper">
        <div
          data-auto="product-tile"
          data-auto-type="Quantity"
          data-auto-available="true"
          data-auto-why-not-try="false"
          data-auto-is-restricted-disabled="false"
          data-auto-is-substitute="false"
          class="product-tile has-promotion square-offer-sash"
        >
          <div class="horizontal-tile pending-order-tile">
            <div
              class="tile-content"
              id="tile-308458275"
              data-auto-id="308458275"
            >
              <a
                href="/groceries/en-GB/products/308458275"
                aria-hidden="true"
                class="product-image-wrapper"
                tabindex="-1"
                ><div class="product-image__container">
                  <img
                    src="https://digitalcontent.api.tesco.com/v2/media/ghs/edc049ec-3048-4bb1-817a-dc138aea36c4/e2d3c961-1b02-4a48-a8e5-189d65cc3d7e.jpeg?h=225&amp;w=225"
                    alt="Tesco Finest Ribeye Steak 227G"
                    class="product-image"
                    srcset="
                      https://digitalcontent.api.tesco.com/v2/media/ghs/edc049ec-3048-4bb1-817a-dc138aea36c4/e2d3c961-1b02-4a48-a8e5-189d65cc3d7e.jpeg?h=225&amp;w=225  768w,
                      https://digitalcontent.api.tesco.com/v2/media/ghs/edc049ec-3048-4bb1-817a-dc138aea36c4/e2d3c961-1b02-4a48-a8e5-189d65cc3d7e.jpeg?h=225&amp;w=225 4000w
                    "
                  /></div
              ></a>
              <div class="product-details--wrapper">
                <div class="product-details--content">
                  <h3 class="ui__StyledTitle-sc-18aswmp-1 kIHRSq">
                    <a
                      href="/groceries/en-GB/products/308458275"
                      class="ui__StyledLink-sc-18aswmp-0 eYySMn"
                      data-auto="product-tile--title"
                      >Tesco Finest Ribeye Steak 227G</a
                    >
                  </h3>
                  <div
                    class="promotions-wrapper hidden-small hidden-medium-small-only"
                  >
                    <ul class="product-promotions">
                      <li class="product-promotion">
                        <a href="/groceries/en-GB/promotions/88510583"
                          ><div class="list-item-content promo-content-small">
                            <span class="offer-text">£5.00 Clubcard Price</span
                            ><span class="dates"
                              >Offer valid for delivery from 15/06/2022 until
                              05/07/2022</span
                            >
                          </div></a
                        >
                      </li>
                    </ul>
                  </div>
                  <div class="price-per-quantity-weight">
                    <span
                      ><span class="currency">£</span
                      ><span class="space"> </span
                      ><span data-auto="price-value" class="value"
                        >24.23</span
                      ></span
                    ><span class="weight">/kg</span>
                  </div>
                </div>
                <a
                  href="/groceries/en-GB/reviews/submission/308458275?from=%2Forders%2F3031-0443-26"
                  aria-label="Write a review for Tesco Finest Ribeye Steak 227G"
                  class="tile-link__StyledLink-sc-1edp62s-0 ebRBWM icon-chevron_right-link"
                  data-auto="review-link"
                  >Write a review</a
                >
                <div class="quantity-label">2 items</div>
                <div class="price-control-wrapper">
                  <div
                    class="price-per-sellable-unit price-per-sellable-unit--price price-per-sellable-unit--price-per-item"
                  >
                    <div class="">
                      <span
                        ><span class="currency">£</span
                        ><span class="space"> </span
                        ><span data-auto="price-value" class="value"
                          >5.50</span
                        ></span
                      >
                    </div>
                  </div>
                </div>
              </div>
            </div>
            <div class="promotions-wrapper hidden-medium">
              <ul class="product-promotions">
                <li class="product-promotion">
                  <a href="/groceries/en-GB/promotions/88510583"
                    ><div class="list-item-content promo-content-small">
                      <span class="offer-text">£5.00 Clubcard Price</span
                      ><span class="dates"
                        >Offer valid for delivery from 15/06/2022 until
                        05/07/2022</span
                      >
                    </div></a
                  >
                </li>
              </ul>
            </div>
          </div>
        </div>
        <div
          class="styles__Wrapper-sc-1d2phhy-0 efDErh product-tile__StyledSpecialOfferSash-li9pa6-0 bVPzBo special-offer-sash special-offer-sash"
        >
          <span class="styles__CircleWrapper-sc-1d2phhy-2 hCbzjm"
            ><strong class="styles__TextWrapper-sc-1d2phhy-1 bLXNGg"
              >Clubcard Price</strong
            ></span
          >
        </div>
      </div>
    </li>
    <li class="product-list--list-item">
      <div class="product-tile-wrapper">
        <div
          data-auto="product-tile"
          data-auto-type="Quantity"
          data-auto-available="true"
          data-auto-why-not-try="false"
          data-auto-is-restricted-disabled="false"
          data-auto-is-substitute="false"
          class="product-tile has-promotion square-offer-sash"
        >
          <div class="horizontal-tile pending-order-tile">
            <div
              class="tile-content"
              id="tile-296653125"
              data-auto-id="296653125"
            >
              <a
                href="/groceries/en-GB/products/296653125"
                aria-hidden="true"
                class="product-image-wrapper"
                tabindex="-1"
                ><div class="product-image__container">
                  <img
                    src="https://digitalcontent.api.tesco.com/v2/media/ghs/51814470-5ad9-4db8-92f7-ab0f9d01ba6a/d4eb3993-78e9-4541-a775-de21ab1fb9dd_1477760107.jpeg?h=225&amp;w=225"
                    alt="Plenty White Kitchen Roll 200 Sheets"
                    class="product-image"
                    srcset="
                      https://digitalcontent.api.tesco.com/v2/media/ghs/51814470-5ad9-4db8-92f7-ab0f9d01ba6a/d4eb3993-78e9-4541-a775-de21ab1fb9dd_1477760107.jpeg?h=225&amp;w=225  768w,
                      https://digitalcontent.api.tesco.com/v2/media/ghs/51814470-5ad9-4db8-92f7-ab0f9d01ba6a/d4eb3993-78e9-4541-a775-de21ab1fb9dd_1477760107.jpeg?h=225&amp;w=225 4000w
                    "
                  /></div
              ></a>
              <div class="product-details--wrapper">
                <div class="product-details--content">
                  <h3 class="ui__StyledTitle-sc-18aswmp-1 kIHRSq">
                    <a
                      href="/groceries/en-GB/products/296653125"
                      class="ui__StyledLink-sc-18aswmp-0 eYySMn"
                      data-auto="product-tile--title"
                      >Plenty White Kitchen Roll 200 Sheets</a
                    >
                  </h3>
                  <div
                    class="promotions-wrapper hidden-small hidden-medium-small-only"
                  >
                    <ul class="product-promotions">
                      <li class="product-promotion">
                        <a href="/groceries/en-GB/promotions/88510963"
                          ><div class="list-item-content promo-content-small">
                            <span class="offer-text">£3.50 Clubcard Price</span
                            ><span class="dates"
                              >Offer valid for delivery from 01/06/2022 until
                              21/06/2022</span
                            >
                          </div></a
                        >
                      </li>
                    </ul>
                  </div>
                  <div class="price-per-quantity-weight">
                    <span
                      ><span class="currency">£</span
                      ><span class="space"> </span
                      ><span data-auto="price-value" class="value"
                        >2.50</span
                      ></span
                    ><span class="weight">/100sht</span>
                  </div>
                </div>
                <a
                  href="/groceries/en-GB/reviews/submission/296653125?from=%2Forders%2F3031-0443-26"
                  aria-label="Write a review for Plenty White Kitchen Roll 200 Sheets"
                  class="tile-link__StyledLink-sc-1edp62s-0 ebRBWM icon-chevron_right-link"
                  data-auto="review-link"
                  >Write a review</a
                >
                <div class="quantity-label">1 item</div>
                <div class="price-control-wrapper">
                  <div
                    class="price-per-sellable-unit price-per-sellable-unit--price price-per-sellable-unit--price-per-item"
                  >
                    <div class="">
                      <span
                        ><span class="currency">£</span
                        ><span class="space"> </span
                        ><span data-auto="price-value" class="value"
                          >5.00</span
                        ></span
                      >
                    </div>
                  </div>
                </div>
              </div>
            </div>
            <div class="promotions-wrapper hidden-medium">
              <ul class="product-promotions">
                <li class="product-promotion">
                  <a href="/groceries/en-GB/promotions/88510963"
                    ><div class="list-item-content promo-content-small">
                      <span class="offer-text">£3.50 Clubcard Price</span
                      ><span class="dates"
                        >Offer valid for delivery from 01/06/2022 until
                        21/06/2022</span
                      >
                    </div></a
                  >
                </li>
              </ul>
            </div>
          </div>
        </div>
        <div
          class="styles__Wrapper-sc-1d2phhy-0 efDErh product-tile__StyledSpecialOfferSash-li9pa6-0 bVPzBo special-offer-sash special-offer-sash"
        >
          <span class="styles__CircleWrapper-sc-1d2phhy-2 hCbzjm"
            ><strong class="styles__TextWrapper-sc-1d2phhy-1 bLXNGg"
              >Clubcard Price</strong
            ></span
          >
        </div>
      </div>
    </li>
    <li class="product-list--list-item">
      <div class="product-tile-wrapper">
        <div
          data-auto="product-tile"
          data-auto-type="Quantity"
          data-auto-available="true"
          data-auto-why-not-try="false"
          data-auto-is-restricted-disabled="false"
          data-auto-is-substitute="false"
          class="product-tile"
        >
          <div class="horizontal-tile pending-order-tile">
            <div
              class="tile-content"
              id="tile-285679405"
              data-auto-id="285679405"
            >
              <a
                href="/groceries/en-GB/products/285679405"
                aria-hidden="true"
                class="product-image-wrapper"
                tabindex="-1"
                ><div class="product-image__container">
                  <img
                    src="https://digitalcontent.api.tesco.com/v2/media/ghs/52b7ec4a-96ff-4b98-a478-d35ccf6467ff/033b1403-f3eb-4a41-9a49-daeaa117fa83.jpeg?h=225&amp;w=225"
                    alt="Tesco Homestyle Straight Cut Oven Chips 950G"
                    class="product-image"
                    srcset="
                      https://digitalcontent.api.tesco.com/v2/media/ghs/52b7ec4a-96ff-4b98-a478-d35ccf6467ff/033b1403-f3eb-4a41-9a49-daeaa117fa83.jpeg?h=225&amp;w=225  768w,
                      https://digitalcontent.api.tesco.com/v2/media/ghs/52b7ec4a-96ff-4b98-a478-d35ccf6467ff/033b1403-f3eb-4a41-9a49-daeaa117fa83.jpeg?h=225&amp;w=225 4000w
                    "
                  /></div
              ></a>
              <div class="product-details--wrapper">
                <div class="product-details--content">
                  <h3 class="ui__StyledTitle-sc-18aswmp-1 kIHRSq">
                    <a
                      href="/groceries/en-GB/products/285679405"
                      class="ui__StyledLink-sc-18aswmp-0 eYySMn"
                      data-auto="product-tile--title"
                      >Tesco Homestyle Straight Cut Oven Chips 950G</a
                    >
                  </h3>
                  <div class="price-per-quantity-weight">
                    <span
                      ><span class="currency">£</span
                      ><span class="space"> </span
                      ><span data-auto="price-value" class="value"
                        >1.74</span
                      ></span
                    ><span class="weight">/kg</span>
                  </div>
                </div>
                <a
                  href="/groceries/en-GB/reviews/submission/285679405?from=%2Forders%2F3031-0443-26"
                  aria-label="Write a review for Tesco Homestyle Straight Cut Oven Chips 950G"
                  class="tile-link__StyledLink-sc-1edp62s-0 ebRBWM icon-chevron_right-link"
                  data-auto="review-link"
                  >Write a review</a
                >
                <div class="quantity-label">1 item</div>
                <div class="price-control-wrapper">
                  <div
                    class="price-per-sellable-unit price-per-sellable-unit--price price-per-sellable-unit--price-per-item"
                  >
                    <div class="">
                      <span
                        ><span class="currency">£</span
                        ><span class="space"> </span
                        ><span data-auto="price-value" class="value"
                          >1.65</span
                        ></span
                      >
                    </div>
                  </div>
                </div>
              </div>
            </div>
          </div>
        </div>
      </div>
    </li>
    <li class="product-list--list-item">
      <div class="product-tile-wrapper">
        <div
          data-auto="product-tile"
          data-auto-type="Quantity"
          data-auto-available="true"
          data-auto-why-not-try="false"
          data-auto-is-restricted-disabled="false"
          data-auto-is-substitute="false"
          class="product-tile has-promotion square-offer-sash"
        >
          <div class="horizontal-tile pending-order-tile">
            <div
              class="tile-content"
              id="tile-305051991"
              data-auto-id="305051991"
            >
              <a
                href="/groceries/en-GB/products/305051991"
                aria-hidden="true"
                class="product-image-wrapper"
                tabindex="-1"
                ><div class="product-image__container">
                  <img
                    src="https://digitalcontent.api.tesco.com/v2/media/ghs/a8863bde-1fb7-4def-bc72-efad64aa4a68/c5c09a28-00d1-4b15-a7fe-16a0bef65004_1429931625.jpeg?h=225&amp;w=225"
                    alt="Grace Sweet Chilli Plantain Chips Salted 85G"
                    class="product-image"
                    srcset="
                      https://digitalcontent.api.tesco.com/v2/media/ghs/a8863bde-1fb7-4def-bc72-efad64aa4a68/c5c09a28-00d1-4b15-a7fe-16a0bef65004_1429931625.jpeg?h=225&amp;w=225  768w,
                      https://digitalcontent.api.tesco.com/v2/media/ghs/a8863bde-1fb7-4def-bc72-efad64aa4a68/c5c09a28-00d1-4b15-a7fe-16a0bef65004_1429931625.jpeg?h=225&amp;w=225 4000w
                    "
                  /></div
              ></a>
              <div class="product-details--wrapper">
                <div class="product-details--content">
                  <h3 class="ui__StyledTitle-sc-18aswmp-1 kIHRSq">
                    <a
                      href="/groceries/en-GB/products/305051991"
                      class="ui__StyledLink-sc-18aswmp-0 eYySMn"
                      data-auto="product-tile--title"
                      >Grace Sweet Chilli Plantain Chips Salted 85G</a
                    >
                  </h3>
                  <div
                    class="promotions-wrapper hidden-small hidden-medium-small-only"
                  >
                    <ul class="product-promotions">
                      <li class="product-promotion">
                        <a href="/groceries/en-GB/promotions/88501487"
                          ><div class="list-item-content promo-content-small">
                            <span class="offer-text">75p Clubcard Price</span
                            ><span class="dates"
                              >Offer valid for delivery from 01/06/2022 until
                              21/06/2022</span
                            >
                          </div></a
                        >
                      </li>
                    </ul>
                  </div>
                  <div class="price-per-quantity-weight">
                    <span
                      ><span class="currency">£</span
                      ><span class="space"> </span
                      ><span data-auto="price-value" class="value"
                        >1.06</span
                      ></span
                    ><span class="weight">/100g</span>
                  </div>
                </div>
                <a
                  href="/groceries/en-GB/reviews/submission/305051991?from=%2Forders%2F3031-0443-26"
                  aria-label="Write a review for Grace Sweet Chilli Plantain Chips Salted 85G"
                  class="tile-link__StyledLink-sc-1edp62s-0 ebRBWM icon-chevron_right-link"
                  data-auto="review-link"
                  >Write a review</a
                >
                <div class="quantity-label">2 items</div>
                <div class="price-control-wrapper">
                  <div
                    class="price-per-sellable-unit price-per-sellable-unit--price price-per-sellable-unit--price-per-item"
                  >
                    <div class="">
                      <span
                        ><span class="currency">£</span
                        ><span class="space"> </span
                        ><span data-auto="price-value" class="value"
                          >0.90</span
                        ></span
                      >
                    </div>
                  </div>
                </div>
              </div>
            </div>
            <div class="promotions-wrapper hidden-medium">
              <ul class="product-promotions">
                <li class="product-promotion">
                  <a href="/groceries/en-GB/promotions/88501487"
                    ><div class="list-item-content promo-content-small">
                      <span class="offer-text">75p Clubcard Price</span
                      ><span class="dates"
                        >Offer valid for delivery from 01/06/2022 until
                        21/06/2022</span
                      >
                    </div></a
                  >
                </li>
              </ul>
            </div>
          </div>
        </div>
        <div
          class="styles__Wrapper-sc-1d2phhy-0 efDErh product-tile__StyledSpecialOfferSash-li9pa6-0 bVPzBo special-offer-sash special-offer-sash"
        >
          <span class="styles__CircleWrapper-sc-1d2phhy-2 hCbzjm"
            ><strong class="styles__TextWrapper-sc-1d2phhy-1 bLXNGg"
              >Clubcard Price</strong
            ></span
          >
        </div>
      </div>
    </li>
    <li class="product-list--list-item">
      <div class="product-tile-wrapper">
        <div
          data-auto="product-tile"
          data-auto-type="Quantity"
          data-auto-available="true"
          data-auto-why-not-try="false"
          data-auto-is-restricted-disabled="false"
          data-auto-is-substitute="false"
          class="product-tile"
        >
          <div class="horizontal-tile pending-order-tile">
            <div
              class="tile-content"
              id="tile-309168609"
              data-auto-id="309168609"
            >
              <a
                href="/groceries/en-GB/products/309168609"
                aria-hidden="true"
                class="product-image-wrapper"
                tabindex="-1"
                ><div class="product-image__container">
                  <img
                    src="https://digitalcontent.api.tesco.com/v2/media/ghs/cf766306-74ed-457e-abbe-1252f1baf96e/82f07836-c09a-40bd-8159-8ad11587a347.jpeg?h=225&amp;w=225"
                    alt="Kirsty's Gluten Free Chicken Tikka Masala &amp; Spiced Rice 450G"
                    class="product-image"
                    srcset="
                      https://digitalcontent.api.tesco.com/v2/media/ghs/cf766306-74ed-457e-abbe-1252f1baf96e/82f07836-c09a-40bd-8159-8ad11587a347.jpeg?h=225&amp;w=225  768w,
                      https://digitalcontent.api.tesco.com/v2/media/ghs/cf766306-74ed-457e-abbe-1252f1baf96e/82f07836-c09a-40bd-8159-8ad11587a347.jpeg?h=225&amp;w=225 4000w
                    "
                  /></div
              ></a>
              <div class="product-details--wrapper">
                <div class="product-details--content">
                  <h3 class="ui__StyledTitle-sc-18aswmp-1 kIHRSq">
                    <a
                      href="/groceries/en-GB/products/309168609"
                      class="ui__StyledLink-sc-18aswmp-0 eYySMn"
                      data-auto="product-tile--title"
                      >Kirsty's Gluten Free Chicken Tikka Masala &amp; Spiced
                      Rice 450G</a
                    >
                  </h3>
                  <div class="price-per-quantity-weight">
                    <span
                      ><span class="currency">£</span
                      ><span class="space"> </span
                      ><span data-auto="price-value" class="value"
                        >7.23</span
                      ></span
                    ><span class="weight">/kg</span>
                  </div>
                </div>
                <a
                  href="/groceries/en-GB/reviews/submission/309168609?from=%2Forders%2F3031-0443-26"
                  aria-label="Write a review for Kirsty's Gluten Free Chicken Tikka Masala &amp; Spiced Rice 450G"
                  class="tile-link__StyledLink-sc-1edp62s-0 ebRBWM icon-chevron_right-link"
                  data-auto="review-link"
                  >Write a review</a
                >
                <div class="quantity-label">2 items</div>
                <div class="price-control-wrapper">
                  <div
                    class="price-per-sellable-unit price-per-sellable-unit--price price-per-sellable-unit--price-per-item"
                  >
                    <div class="">
                      <span
                        ><span class="currency">£</span
                        ><span class="space"> </span
                        ><span data-auto="price-value" class="value"
                          >3.25</span
                        ></span
                      >
                    </div>
                  </div>
                </div>
              </div>
            </div>
          </div>
        </div>
        <p
          class="styled__FlashSashContent-sc-9znnul-0 dYgYXb product-tile__StyledSpecialOfferSash-li9pa6-0 bVPzBo special-offer-sash"
        >
          <strong class="styled__FlashSashText-sc-9znnul-1 ggeHk">New</strong>
        </p>
      </div>
    </li>
    <li class="product-list--list-item">
      <div class="product-tile-wrapper">
        <div
          data-auto="product-tile"
          data-auto-type="Quantity"
          data-auto-available="true"
          data-auto-why-not-try="false"
          data-auto-is-restricted-disabled="false"
          data-auto-is-substitute="false"
          class="product-tile"
        >
          <div class="horizontal-tile pending-order-tile">
            <div
              class="tile-content"
              id="tile-268890894"
              data-auto-id="268890894"
            >
              <a
                href="/groceries/en-GB/products/268890894"
                aria-hidden="true"
                class="product-image-wrapper"
                tabindex="-1"
                ><div class="product-image__container">
                  <img
                    src="https://digitalcontent.api.tesco.com/v2/media/ghs/fd9a38a9-b65f-47cb-b817-1f805e2cf608/2eb2eecf-e15e-49fe-b45e-b2653c00b32f_348919865.jpeg?h=225&amp;w=225"
                    alt="Schar Crisp Bread 150G"
                    class="product-image"
                    srcset="
                      https://digitalcontent.api.tesco.com/v2/media/ghs/fd9a38a9-b65f-47cb-b817-1f805e2cf608/2eb2eecf-e15e-49fe-b45e-b2653c00b32f_348919865.jpeg?h=225&amp;w=225  768w,
                      https://digitalcontent.api.tesco.com/v2/media/ghs/fd9a38a9-b65f-47cb-b817-1f805e2cf608/2eb2eecf-e15e-49fe-b45e-b2653c00b32f_348919865.jpeg?h=225&amp;w=225 4000w
                    "
                  /></div
              ></a>
              <div class="product-details--wrapper">
                <div class="product-details--content">
                  <h3 class="ui__StyledTitle-sc-18aswmp-1 kIHRSq">
                    <a
                      href="/groceries/en-GB/products/268890894"
                      class="ui__StyledLink-sc-18aswmp-0 eYySMn"
                      data-auto="product-tile--title"
                      >Schar Crisp Bread 150G</a
                    >
                  </h3>
                  <div class="price-per-quantity-weight">
                    <span
                      ><span class="currency">£</span
                      ><span class="space"> </span
                      ><span data-auto="price-value" class="value"
                        >1.00</span
                      ></span
                    ><span class="weight">/100g</span>
                  </div>
                </div>
                <a
                  href="/groceries/en-GB/reviews/submission/268890894?from=%2Forders%2F3031-0443-26"
                  aria-label="Write a review for Schar Crisp Bread 150G"
                  class="tile-link__StyledLink-sc-1edp62s-0 ebRBWM icon-chevron_right-link"
                  data-auto="review-link"
                  >Write a review</a
                >
                <div class="quantity-label">1 item</div>
                <div class="price-control-wrapper">
                  <div
                    class="price-per-sellable-unit price-per-sellable-unit--price price-per-sellable-unit--price-per-item"
                  >
                    <div class="">
                      <span
                        ><span class="currency">£</span
                        ><span class="space"> </span
                        ><span data-auto="price-value" class="value"
                          >1.50</span
                        ></span
                      >
                    </div>
                  </div>
                </div>
              </div>
            </div>
          </div>
        </div>
      </div>
    </li>
    <li class="product-list--list-item">
      <div class="product-tile-wrapper">
        <div
          data-auto="product-tile"
          data-auto-type="Quantity"
          data-auto-available="true"
          data-auto-why-not-try="false"
          data-auto-is-restricted-disabled="false"
          data-auto-is-substitute="false"
          class="product-tile has-promotion square-offer-sash"
        >
          <div class="horizontal-tile pending-order-tile">
            <div
              class="tile-content"
              id="tile-308111759"
              data-auto-id="308111759"
            >
              <a
                href="/groceries/en-GB/products/308111759"
                aria-hidden="true"
                class="product-image-wrapper"
                tabindex="-1"
                ><div class="product-image__container">
                  <img
                    src="https://digitalcontent.api.tesco.com/v2/media/ghs/bcfa8998-5af2-49a2-b54a-23a4cdedb68a/75cad733-9933-41d3-b70b-7d1172bad41b.jpeg?h=225&amp;w=225"
                    alt="Gu Free From Lemon Cheesecakes 2X92g"
                    class="product-image"
                    srcset="
                      https://digitalcontent.api.tesco.com/v2/media/ghs/bcfa8998-5af2-49a2-b54a-23a4cdedb68a/75cad733-9933-41d3-b70b-7d1172bad41b.jpeg?h=225&amp;w=225  768w,
                      https://digitalcontent.api.tesco.com/v2/media/ghs/bcfa8998-5af2-49a2-b54a-23a4cdedb68a/75cad733-9933-41d3-b70b-7d1172bad41b.jpeg?h=225&amp;w=225 4000w
                    "
                  /></div
              ></a>
              <div class="product-details--wrapper">
                <div class="product-details--content">
                  <h3 class="ui__StyledTitle-sc-18aswmp-1 kIHRSq">
                    <a
                      href="/groceries/en-GB/products/308111759"
                      class="ui__StyledLink-sc-18aswmp-0 eYySMn"
                      data-auto="product-tile--title"
                      >Gu Free From Lemon Cheesecakes 2X92g</a
                    >
                  </h3>
                  <div
                    class="promotions-wrapper hidden-small hidden-medium-small-only"
                  >
                    <ul class="product-promotions">
                      <li class="product-promotion">
                        <a href="/groceries/en-GB/promotions/88506211"
                          ><div class="list-item-content promo-content-small">
                            <span class="offer-text">£2.50 Clubcard Price</span
                            ><span class="dates"
                              >Offer valid for delivery from 15/06/2022 until
                              05/07/2022</span
                            >
                          </div></a
                        >
                      </li>
                    </ul>
                  </div>
                  <div class="price-per-quantity-weight">
                    <span
                      ><span class="currency">£</span
                      ><span class="space"> </span
                      ><span data-auto="price-value" class="value"
                        >1.91</span
                      ></span
                    ><span class="weight">/100g</span>
                  </div>
                </div>
                <a
                  href="/groceries/en-GB/reviews/submission/308111759?from=%2Forders%2F3031-0443-26"
                  aria-label="Write a review for Gu Free From Lemon Cheesecakes 2X92g"
                  class="tile-link__StyledLink-sc-1edp62s-0 ebRBWM icon-chevron_right-link"
                  data-auto="review-link"
                  >Write a review</a
                >
                <div class="quantity-label">1 item</div>
                <div class="price-control-wrapper">
                  <div
                    class="price-per-sellable-unit price-per-sellable-unit--price price-per-sellable-unit--price-per-item"
                  >
                    <div class="">
                      <span
                        ><span class="currency">£</span
                        ><span class="space"> </span
                        ><span data-auto="price-value" class="value"
                          >3.50</span
                        ></span
                      >
                    </div>
                  </div>
                </div>
              </div>
            </div>
            <div class="promotions-wrapper hidden-medium">
              <ul class="product-promotions">
                <li class="product-promotion">
                  <a href="/groceries/en-GB/promotions/88506211"
                    ><div class="list-item-content promo-content-small">
                      <span class="offer-text">£2.50 Clubcard Price</span
                      ><span class="dates"
                        >Offer valid for delivery from 15/06/2022 until
                        05/07/2022</span
                      >
                    </div></a
                  >
                </li>
              </ul>
            </div>
          </div>
        </div>
        <div
          class="styles__Wrapper-sc-1d2phhy-0 efDErh product-tile__StyledSpecialOfferSash-li9pa6-0 bVPzBo special-offer-sash special-offer-sash"
        >
          <span class="styles__CircleWrapper-sc-1d2phhy-2 hCbzjm"
            ><strong class="styles__TextWrapper-sc-1d2phhy-1 bLXNGg"
              >Clubcard Price</strong
            ></span
          >
        </div>
      </div>
    </li>
    <li class="product-list--list-item">
      <div class="product-tile-wrapper">
        <div
          data-auto="product-tile"
          data-auto-type="Quantity"
          data-auto-available="true"
          data-auto-why-not-try="false"
          data-auto-is-restricted-disabled="false"
          data-auto-is-substitute="false"
          class="product-tile"
        >
          <div class="horizontal-tile pending-order-tile">
            <div
              class="tile-content"
              id="tile-285811946"
              data-auto-id="285811946"
            >
              <a
                href="/groceries/en-GB/products/285811946"
                aria-hidden="true"
                class="product-image-wrapper"
                tabindex="-1"
                ><div class="product-image__container">
                  <img
                    src="https://digitalcontent.api.tesco.com/v2/media/ghs/d7408cdf-1485-4d76-8ec1-8b61f9abe33a/51b27e1c-17e7-476d-ade1-0c7153628f1c.jpeg?h=225&amp;w=225"
                    alt="Genius Gluten Free Chicken &amp; Gravy Pies 320G"
                    class="product-image"
                    srcset="
                      https://digitalcontent.api.tesco.com/v2/media/ghs/d7408cdf-1485-4d76-8ec1-8b61f9abe33a/51b27e1c-17e7-476d-ade1-0c7153628f1c.jpeg?h=225&amp;w=225  768w,
                      https://digitalcontent.api.tesco.com/v2/media/ghs/d7408cdf-1485-4d76-8ec1-8b61f9abe33a/51b27e1c-17e7-476d-ade1-0c7153628f1c.jpeg?h=225&amp;w=225 4000w
                    "
                  /></div
              ></a>
              <div class="product-details--wrapper">
                <div class="product-details--content">
                  <h3 class="ui__StyledTitle-sc-18aswmp-1 kIHRSq">
                    <a
                      href="/groceries/en-GB/products/285811946"
                      class="ui__StyledLink-sc-18aswmp-0 eYySMn"
                      data-auto="product-tile--title"
                      >Genius Gluten Free Chicken &amp; Gravy Pies 320G</a
                    >
                  </h3>
                  <div class="price-per-quantity-weight">
                    <span
                      ><span class="currency">£</span
                      ><span class="space"> </span
                      ><span data-auto="price-value" class="value"
                        >1.16</span
                      ></span
                    ><span class="weight">/100g</span>
                  </div>
                </div>
                <a
                  href="/groceries/en-GB/reviews/submission/285811946?from=%2Forders%2F3031-0443-26"
                  aria-label="Write a review for Genius Gluten Free Chicken &amp; Gravy Pies 320G"
                  class="tile-link__StyledLink-sc-1edp62s-0 ebRBWM icon-chevron_right-link"
                  data-auto="review-link"
                  >Write a review</a
                >
                <div class="quantity-label">1 item</div>
                <div class="price-control-wrapper">
                  <div
                    class="price-per-sellable-unit price-per-sellable-unit--price price-per-sellable-unit--price-per-item"
                  >
                    <div class="">
                      <span
                        ><span class="currency">£</span
                        ><span class="space"> </span
                        ><span data-auto="price-value" class="value"
                          >3.70</span
                        ></span
                      >
                    </div>
                  </div>
                </div>
              </div>
            </div>
          </div>
        </div>
      </div>
    </li>
    <li class="product-list--list-item">
      <div class="product-tile-wrapper">
        <div
          data-auto="product-tile"
          data-auto-type="Quantity"
          data-auto-available="true"
          data-auto-why-not-try="false"
          data-auto-is-restricted-disabled="false"
          data-auto-is-substitute="false"
          class="product-tile"
        >
          <div class="horizontal-tile pending-order-tile">
            <div
              class="tile-content"
              id="tile-293587980"
              data-auto-id="293587980"
            >
              <a
                href="/groceries/en-GB/products/293587980"
                aria-hidden="true"
                class="product-image-wrapper"
                tabindex="-1"
                ><div class="product-image__container">
                  <img
                    src="https://digitalcontent.api.tesco.com/v2/media/ghs/531a2e3f-f8e5-4715-bc3e-b452f533a5c3/200c1d26-0de8-4de2-a924-e7551c008099.jpeg?h=225&amp;w=225"
                    alt="Tesco Free From Mozzarella Stick 150G"
                    class="product-image"
                    srcset="
                      https://digitalcontent.api.tesco.com/v2/media/ghs/531a2e3f-f8e5-4715-bc3e-b452f533a5c3/200c1d26-0de8-4de2-a924-e7551c008099.jpeg?h=225&amp;w=225  768w,
                      https://digitalcontent.api.tesco.com/v2/media/ghs/531a2e3f-f8e5-4715-bc3e-b452f533a5c3/200c1d26-0de8-4de2-a924-e7551c008099.jpeg?h=225&amp;w=225 4000w
                    "
                  /></div
              ></a>
              <div class="product-details--wrapper">
                <div class="product-details--content">
                  <h3 class="ui__StyledTitle-sc-18aswmp-1 kIHRSq">
                    <a
                      href="/groceries/en-GB/products/293587980"
                      class="ui__StyledLink-sc-18aswmp-0 eYySMn"
                      data-auto="product-tile--title"
                      >Tesco Free From Mozzarella Stick 150G</a
                    >
                  </h3>
                  <div class="price-per-quantity-weight">
                    <span
                      ><span class="currency">£</span
                      ><span class="space"> </span
                      ><span data-auto="price-value" class="value"
                        >1.34</span
                      ></span
                    ><span class="weight">/100g</span>
                  </div>
                </div>
                <a
                  href="/groceries/en-GB/reviews/submission/293587980?from=%2Forders%2F3031-0443-26"
                  aria-label="Write a review for Tesco Free From Mozzarella Stick 150G"
                  class="tile-link__StyledLink-sc-1edp62s-0 ebRBWM icon-chevron_right-link"
                  data-auto="review-link"
                  >Write a review</a
                >
                <div class="quantity-label">1 item</div>
                <div class="price-control-wrapper">
                  <div
                    class="price-per-sellable-unit price-per-sellable-unit--price price-per-sellable-unit--price-per-item"
                  >
                    <div class="">
                      <span
                        ><span class="currency">£</span
                        ><span class="space"> </span
                        ><span data-auto="price-value" class="value"
                          >2.00</span
                        ></span
                      >
                    </div>
                  </div>
                </div>
              </div>
            </div>
          </div>
        </div>
      </div>
    </li>
    <li class="product-list--list-item">
      <div class="product-tile-wrapper">
        <div
          data-auto="product-tile"
          data-auto-type="Quantity"
          data-auto-available="true"
          data-auto-why-not-try="false"
          data-auto-is-restricted-disabled="false"
          data-auto-is-substitute="false"
          class="product-tile has-promotion square-offer-sash"
        >
          <div class="horizontal-tile pending-order-tile">
            <div
              class="tile-content"
              id="tile-292523862"
              data-auto-id="292523862"
            >
              <a
                href="/groceries/en-GB/products/292523862"
                aria-hidden="true"
                class="product-image-wrapper"
                tabindex="-1"
                ><div class="product-image__container">
                  <img
                    src="https://digitalcontent.api.tesco.com/v2/media/ghs/8f583c4b-92c6-43b5-83a7-63dc94b999fa/cd3ba73f-fb5c-4dbf-85a5-4494152d1b61.jpeg?h=225&amp;w=225"
                    alt="Strong Roots Oven Baked Sweet Potato Fries 500G"
                    class="product-image"
                    srcset="
                      https://digitalcontent.api.tesco.com/v2/media/ghs/8f583c4b-92c6-43b5-83a7-63dc94b999fa/cd3ba73f-fb5c-4dbf-85a5-4494152d1b61.jpeg?h=225&amp;w=225  768w,
                      https://digitalcontent.api.tesco.com/v2/media/ghs/8f583c4b-92c6-43b5-83a7-63dc94b999fa/cd3ba73f-fb5c-4dbf-85a5-4494152d1b61.jpeg?h=225&amp;w=225 4000w
                    "
                  /></div
              ></a>
              <div class="product-details--wrapper">
                <div class="product-details--content">
                  <h3 class="ui__StyledTitle-sc-18aswmp-1 kIHRSq">
                    <a
                      href="/groceries/en-GB/products/292523862"
                      class="ui__StyledLink-sc-18aswmp-0 eYySMn"
                      data-auto="product-tile--title"
                      >Strong Roots Oven Baked Sweet Potato Fries 500G</a
                    >
                  </h3>
                  <div
                    class="promotions-wrapper hidden-small hidden-medium-small-only"
                  >
                    <ul class="product-promotions">
                      <li class="product-promotion">
                        <a href="/groceries/en-GB/promotions/88500158"
                          ><div class="list-item-content promo-content-small">
                            <span class="offer-text">£2.00 Clubcard Price</span
                            ><span class="dates"
                              >Offer valid for delivery from 07/06/2022 until
                              27/06/2022</span
                            >
                          </div></a
                        >
                      </li>
                    </ul>
                  </div>
                  <div class="price-per-quantity-weight">
                    <span
                      ><span class="currency">£</span
                      ><span class="space"> </span
                      ><span data-auto="price-value" class="value"
                        >5.90</span
                      ></span
                    ><span class="weight">/kg</span>
                  </div>
                </div>
                <a
                  href="/groceries/en-GB/reviews/submission/292523862?from=%2Forders%2F3031-0443-26"
                  aria-label="Write a review for Strong Roots Oven Baked Sweet Potato Fries 500G"
                  class="tile-link__StyledLink-sc-1edp62s-0 ebRBWM icon-chevron_right-link"
                  data-auto="review-link"
                  >Write a review</a
                >
                <div class="quantity-label">1 item</div>
                <div class="price-control-wrapper">
                  <div
                    class="price-per-sellable-unit price-per-sellable-unit--price price-per-sellable-unit--price-per-item"
                  >
                    <div class="">
                      <span
                        ><span class="currency">£</span
                        ><span class="space"> </span
                        ><span data-auto="price-value" class="value"
                          >2.95</span
                        ></span
                      >
                    </div>
                  </div>
                </div>
              </div>
            </div>
            <div class="promotions-wrapper hidden-medium">
              <ul class="product-promotions">
                <li class="product-promotion">
                  <a href="/groceries/en-GB/promotions/88500158"
                    ><div class="list-item-content promo-content-small">
                      <span class="offer-text">£2.00 Clubcard Price</span
                      ><span class="dates"
                        >Offer valid for delivery from 07/06/2022 until
                        27/06/2022</span
                      >
                    </div></a
                  >
                </li>
              </ul>
            </div>
          </div>
        </div>
        <div
          class="styles__Wrapper-sc-1d2phhy-0 efDErh product-tile__StyledSpecialOfferSash-li9pa6-0 bVPzBo special-offer-sash special-offer-sash"
        >
          <span class="styles__CircleWrapper-sc-1d2phhy-2 hCbzjm"
            ><strong class="styles__TextWrapper-sc-1d2phhy-1 bLXNGg"
              >Clubcard Price</strong
            ></span
          >
        </div>
      </div>
    </li>
    <li class="product-list--list-item">
      <div class="product-tile-wrapper">
        <div
          data-auto="product-tile"
          data-auto-type="Quantity"
          data-auto-available="true"
          data-auto-why-not-try="false"
          data-auto-is-restricted-disabled="false"
          data-auto-is-substitute="false"
          class="product-tile"
        >
          <div class="horizontal-tile pending-order-tile">
            <div
              class="tile-content"
              id="tile-300239893"
              data-auto-id="300239893"
            >
              <a
                href="/groceries/en-GB/products/300239893"
                aria-hidden="true"
                class="product-image-wrapper"
                tabindex="-1"
                ><div class="product-image__container">
                  <img
                    src="https://digitalcontent.api.tesco.com/v2/media/ghs/31dd0370-2f92-4c51-aedc-d9323a1ccf64/424c7cb9-728d-4d51-a32d-7d76762b634a_413261353.jpeg?h=225&amp;w=225"
                    alt="Tesco Essentials Cavity Protect Toothpaste 100Ml"
                    class="product-image"
                    srcset="
                      https://digitalcontent.api.tesco.com/v2/media/ghs/31dd0370-2f92-4c51-aedc-d9323a1ccf64/424c7cb9-728d-4d51-a32d-7d76762b634a_413261353.jpeg?h=225&amp;w=225  768w,
                      https://digitalcontent.api.tesco.com/v2/media/ghs/31dd0370-2f92-4c51-aedc-d9323a1ccf64/424c7cb9-728d-4d51-a32d-7d76762b634a_413261353.jpeg?h=225&amp;w=225 4000w
                    "
                  /></div
              ></a>
              <div class="product-details--wrapper">
                <div class="product-details--content">
                  <h3 class="ui__StyledTitle-sc-18aswmp-1 kIHRSq">
                    <a
                      href="/groceries/en-GB/products/300239893"
                      class="ui__StyledLink-sc-18aswmp-0 eYySMn"
                      data-auto="product-tile--title"
                      >Tesco Essentials Cavity Protect Toothpaste 100Ml</a
                    >
                  </h3>
                  <div class="price-per-quantity-weight">
                    <span
                      ><span class="currency">£</span
                      ><span class="space"> </span
                      ><span data-auto="price-value" class="value"
                        >0.50</span
                      ></span
                    ><span class="weight">/100ml</span>
                  </div>
                </div>
                <a
                  href="/groceries/en-GB/reviews/submission/300239893?from=%2Forders%2F3031-0443-26"
                  aria-label="Write a review for Tesco Essentials Cavity Protect Toothpaste 100Ml"
                  class="tile-link__StyledLink-sc-1edp62s-0 ebRBWM icon-chevron_right-link"
                  data-auto="review-link"
                  >Write a review</a
                >
                <div class="quantity-label">1 item</div>
                <div class="price-control-wrapper">
                  <div
                    class="price-per-sellable-unit price-per-sellable-unit--price price-per-sellable-unit--price-per-item"
                  >
                    <div class="">
                      <span
                        ><span class="currency">£</span
                        ><span class="space"> </span
                        ><span data-auto="price-value" class="value"
                          >0.50</span
                        ></span
                      >
                    </div>
                  </div>
                </div>
              </div>
            </div>
          </div>
        </div>
      </div>
    </li>
    <li class="product-list--list-item">
      <div class="product-tile-wrapper">
        <div
          data-auto="product-tile"
          data-auto-type="Quantity"
          data-auto-available="true"
          data-auto-why-not-try="false"
          data-auto-is-restricted-disabled="false"
          data-auto-is-substitute="false"
          class="product-tile"
        >
          <div class="horizontal-tile pending-order-tile">
            <div
              class="tile-content"
              id="tile-292686582"
              data-auto-id="292686582"
            >
              <a
                href="/groceries/en-GB/products/292686582"
                aria-hidden="true"
                class="product-image-wrapper"
                tabindex="-1"
                ><div class="product-image__container">
                  <img
                    src="https://digitalcontent.api.tesco.com/v2/media/ghs/e66ad2da-4001-40bd-a489-bd611ebd4916/dd7a505c-0013-4a49-813d-952fabec5f6e.jpeg?h=225&amp;w=225"
                    alt="Tesco Fresh Cut Flat Leaf Parsley 30G"
                    class="product-image"
                    srcset="
                      https://digitalcontent.api.tesco.com/v2/media/ghs/e66ad2da-4001-40bd-a489-bd611ebd4916/dd7a505c-0013-4a49-813d-952fabec5f6e.jpeg?h=225&amp;w=225  768w,
                      https://digitalcontent.api.tesco.com/v2/media/ghs/e66ad2da-4001-40bd-a489-bd611ebd4916/dd7a505c-0013-4a49-813d-952fabec5f6e.jpeg?h=225&amp;w=225 4000w
                    "
                  /></div
              ></a>
              <div class="product-details--wrapper">
                <div class="product-details--content">
                  <h3 class="ui__StyledTitle-sc-18aswmp-1 kIHRSq">
                    <a
                      href="/groceries/en-GB/products/292686582"
                      class="ui__StyledLink-sc-18aswmp-0 eYySMn"
                      data-auto="product-tile--title"
                      >Tesco Fresh Cut Flat Leaf Parsley 30G</a
                    >
                  </h3>
                  <div class="price-per-quantity-weight">
                    <span
                      ><span class="currency">£</span
                      ><span class="space"> </span
                      ><span data-auto="price-value" class="value"
                        >0.18</span
                      ></span
                    ><span class="weight">/10g</span>
                  </div>
                </div>
                <a
                  href="/groceries/en-GB/reviews/submission/292686582?from=%2Forders%2F3031-0443-26"
                  aria-label="Write a review for Tesco Fresh Cut Flat Leaf Parsley 30G"
                  class="tile-link__StyledLink-sc-1edp62s-0 ebRBWM icon-chevron_right-link"
                  data-auto="review-link"
                  >Write a review</a
                >
                <div class="quantity-label">1 item</div>
                <div class="price-control-wrapper">
                  <div
                    class="price-per-sellable-unit price-per-sellable-unit--price price-per-sellable-unit--price-per-item"
                  >
                    <div class="">
                      <span
                        ><span class="currency">£</span
                        ><span class="space"> </span
                        ><span data-auto="price-value" class="value"
                          >0.55</span
                        ></span
                      >
                    </div>
                  </div>
                </div>
              </div>
            </div>
          </div>
        </div>
      </div>
    </li>
    <li class="product-list--list-item">
      <div class="product-tile-wrapper">
        <div
          data-auto="product-tile"
          data-auto-type="Quantity"
          data-auto-available="true"
          data-auto-why-not-try="false"
          data-auto-is-restricted-disabled="false"
          data-auto-is-substitute="false"
          class="product-tile"
        >
          <div class="horizontal-tile pending-order-tile">
            <div
              class="tile-content"
              id="tile-256146844"
              data-auto-id="256146844"
            >
              <a
                href="/groceries/en-GB/products/256146844"
                aria-hidden="true"
                class="product-image-wrapper"
                tabindex="-1"
                ><div class="product-image__container">
                  <img
                    src="https://digitalcontent.api.tesco.com/v2/media/ghs/b1e7482e-fd76-47a8-b5b8-adf693f7984e/snapshotimagehandler_531851972.jpeg?h=225&amp;w=225"
                    alt="Tesco Dried Parsley 11G Jar"
                    class="product-image"
                    srcset="
                      https://digitalcontent.api.tesco.com/v2/media/ghs/b1e7482e-fd76-47a8-b5b8-adf693f7984e/snapshotimagehandler_531851972.jpeg?h=225&amp;w=225  768w,
                      https://digitalcontent.api.tesco.com/v2/media/ghs/b1e7482e-fd76-47a8-b5b8-adf693f7984e/snapshotimagehandler_531851972.jpeg?h=225&amp;w=225 4000w
                    "
                  /></div
              ></a>
              <div class="product-details--wrapper">
                <div class="product-details--content">
                  <h3 class="ui__StyledTitle-sc-18aswmp-1 kIHRSq">
                    <a
                      href="/groceries/en-GB/products/256146844"
                      class="ui__StyledLink-sc-18aswmp-0 eYySMn"
                      data-auto="product-tile--title"
                      >Tesco Dried Parsley 11G Jar</a
                    >
                  </h3>
                  <div class="price-per-quantity-weight">
                    <span
                      ><span class="currency">£</span
                      ><span class="space"> </span
                      ><span data-auto="price-value" class="value"
                        >0.91</span
                      ></span
                    ><span class="weight">/10g</span>
                  </div>
                </div>
                <a
                  href="/groceries/en-GB/reviews/submission/256146844?from=%2Forders%2F3031-0443-26"
                  aria-label="Write a review for Tesco Dried Parsley 11G Jar"
                  class="tile-link__StyledLink-sc-1edp62s-0 ebRBWM icon-chevron_right-link"
                  data-auto="review-link"
                  >Write a review</a
                >
                <div class="quantity-label">1 item</div>
                <div class="price-control-wrapper">
                  <div
                    class="price-per-sellable-unit price-per-sellable-unit--price price-per-sellable-unit--price-per-item"
                  >
                    <div class="">
                      <span
                        ><span class="currency">£</span
                        ><span class="space"> </span
                        ><span data-auto="price-value" class="value"
                          >1.00</span
                        ></span
                      >
                    </div>
                  </div>
                </div>
              </div>
            </div>
          </div>
        </div>
      </div>
    </li>
    <li class="product-list--list-item">
      <div class="product-tile-wrapper">
        <div
          data-auto="product-tile"
          data-auto-type="Quantity"
          data-auto-available="true"
          data-auto-why-not-try="false"
          data-auto-is-restricted-disabled="false"
          data-auto-is-substitute="false"
          class="product-tile"
        >
          <div class="horizontal-tile pending-order-tile">
            <div
              class="tile-content"
              id="tile-259098826"
              data-auto-id="259098826"
            >
              <a
                href="/groceries/en-GB/products/259098826"
                aria-hidden="true"
                class="product-image-wrapper"
                tabindex="-1"
                ><div class="product-image__container">
                  <img
                    src="https://digitalcontent.api.tesco.com/v2/media/ghs/bb30da8c-39a5-422c-9875-bc9c5ca130a8/6baae0df-fc33-4ccd-99e9-e8bb41a5ab32_1333837542.jpeg?h=225&amp;w=225"
                    alt="Finest Echalion Shallots 400G"
                    class="product-image"
                    srcset="
                      https://digitalcontent.api.tesco.com/v2/media/ghs/bb30da8c-39a5-422c-9875-bc9c5ca130a8/6baae0df-fc33-4ccd-99e9-e8bb41a5ab32_1333837542.jpeg?h=225&amp;w=225  768w,
                      https://digitalcontent.api.tesco.com/v2/media/ghs/bb30da8c-39a5-422c-9875-bc9c5ca130a8/6baae0df-fc33-4ccd-99e9-e8bb41a5ab32_1333837542.jpeg?h=225&amp;w=225 4000w
                    "
                  /></div
              ></a>
              <div class="product-details--wrapper">
                <div class="product-details--content">
                  <h3 class="ui__StyledTitle-sc-18aswmp-1 kIHRSq">
                    <a
                      href="/groceries/en-GB/products/259098826"
                      class="ui__StyledLink-sc-18aswmp-0 eYySMn"
                      data-auto="product-tile--title"
                      >Finest Echalion Shallots 400G</a
                    >
                  </h3>
                  <div class="price-per-quantity-weight">
                    <span
                      ><span class="currency">£</span
                      ><span class="space"> </span
                      ><span data-auto="price-value" class="value"
                        >3.00</span
                      ></span
                    ><span class="weight">/kg</span>
                  </div>
                </div>
                <a
                  href="/groceries/en-GB/reviews/submission/259098826?from=%2Forders%2F3031-0443-26"
                  aria-label="Write a review for Finest Echalion Shallots 400G"
                  class="tile-link__StyledLink-sc-1edp62s-0 ebRBWM icon-chevron_right-link"
                  data-auto="review-link"
                  >Write a review</a
                >
                <div class="quantity-label">1 item</div>
                <div class="price-control-wrapper">
                  <div
                    class="price-per-sellable-unit price-per-sellable-unit--price price-per-sellable-unit--price-per-item"
                  >
                    <div class="">
                      <span
                        ><span class="currency">£</span
                        ><span class="space"> </span
                        ><span data-auto="price-value" class="value"
                          >1.20</span
                        ></span
                      >
                    </div>
                  </div>
                </div>
              </div>
            </div>
          </div>
        </div>
      </div>
    </li>
    <li class="product-list--list-item">
      <div class="product-tile-wrapper">
        <div
          data-auto="product-tile"
          data-auto-type="Quantity"
          data-auto-available="true"
          data-auto-why-not-try="false"
          data-auto-is-restricted-disabled="false"
          data-auto-is-substitute="false"
          class="product-tile"
        >
          <div class="horizontal-tile pending-order-tile">
            <div
              class="tile-content"
              id="tile-300884502"
              data-auto-id="300884502"
            >
              <a
                href="/groceries/en-GB/products/300884502"
                aria-hidden="true"
                class="product-image-wrapper"
                tabindex="-1"
                ><div class="product-image__container">
                  <img
                    src="https://digitalcontent.api.tesco.com/v2/media/ghs/3dd026de-882f-4740-becd-e783f8e47da9/95a91c38-aa36-4cd3-b1f8-069a04883ca6_1964594233.jpeg?h=225&amp;w=225"
                    alt="Tesco Free From Chilli &amp; Lime Tortillas 200G"
                    class="product-image"
                    srcset="
                      https://digitalcontent.api.tesco.com/v2/media/ghs/3dd026de-882f-4740-becd-e783f8e47da9/95a91c38-aa36-4cd3-b1f8-069a04883ca6_1964594233.jpeg?h=225&amp;w=225  768w,
                      https://digitalcontent.api.tesco.com/v2/media/ghs/3dd026de-882f-4740-becd-e783f8e47da9/95a91c38-aa36-4cd3-b1f8-069a04883ca6_1964594233.jpeg?h=225&amp;w=225 4000w
                    "
                  /></div
              ></a>
              <div class="product-details--wrapper">
                <div class="product-details--content">
                  <h3 class="ui__StyledTitle-sc-18aswmp-1 kIHRSq">
                    <a
                      href="/groceries/en-GB/products/300884502"
                      class="ui__StyledLink-sc-18aswmp-0 eYySMn"
                      data-auto="product-tile--title"
                      >Tesco Free From Chilli &amp; Lime Tortillas 200G</a
                    >
                  </h3>
                  <div class="price-per-quantity-weight">
                    <span
                      ><span class="currency">£</span
                      ><span class="space"> </span
                      ><span data-auto="price-value" class="value"
                        >0.50</span
                      ></span
                    ><span class="weight">/100g</span>
                  </div>
                </div>
                <a
                  href="/groceries/en-GB/reviews/submission/300884502?from=%2Forders%2F3031-0443-26"
                  aria-label="Write a review for Tesco Free From Chilli &amp; Lime Tortillas 200G"
                  class="tile-link__StyledLink-sc-1edp62s-0 ebRBWM icon-chevron_right-link"
                  data-auto="review-link"
                  >Write a review</a
                >
                <div class="quantity-label">1 item</div>
                <div class="price-control-wrapper">
                  <div
                    class="price-per-sellable-unit price-per-sellable-unit--price price-per-sellable-unit--price-per-item"
                  >
                    <div class="">
                      <span
                        ><span class="currency">£</span
                        ><span class="space"> </span
                        ><span data-auto="price-value" class="value"
                          >1.00</span
                        ></span
                      >
                    </div>
                  </div>
                </div>
              </div>
            </div>
          </div>
        </div>
      </div>
    </li>
    <li class="product-list--list-item">
      <div class="product-tile-wrapper">
        <div
          data-auto="product-tile"
          data-auto-type="Quantity"
          data-auto-available="true"
          data-auto-why-not-try="false"
          data-auto-is-restricted-disabled="false"
          data-auto-is-substitute="false"
          class="product-tile"
        >
          <div class="horizontal-tile pending-order-tile">
            <div
              class="tile-content"
              id="tile-291359787"
              data-auto-id="291359787"
            >
              <a
                href="/groceries/en-GB/products/291359787"
                aria-hidden="true"
                class="product-image-wrapper"
                tabindex="-1"
                ><div class="product-image__container">
                  <img
                    src="https://digitalcontent.api.tesco.com/v2/media/ghs/39340a56-67a2-470b-a120-1da419ef702e/d51fca3a-d776-4235-be06-7b19236865cf.jpeg?h=225&amp;w=225"
                    alt="Tesco Free From Beef Gravy 170G"
                    class="product-image"
                    srcset="
                      https://digitalcontent.api.tesco.com/v2/media/ghs/39340a56-67a2-470b-a120-1da419ef702e/d51fca3a-d776-4235-be06-7b19236865cf.jpeg?h=225&amp;w=225  768w,
                      https://digitalcontent.api.tesco.com/v2/media/ghs/39340a56-67a2-470b-a120-1da419ef702e/d51fca3a-d776-4235-be06-7b19236865cf.jpeg?h=225&amp;w=225 4000w
                    "
                  /></div
              ></a>
              <div class="product-details--wrapper">
                <div class="product-details--content">
                  <h3 class="ui__StyledTitle-sc-18aswmp-1 kIHRSq">
                    <a
                      href="/groceries/en-GB/products/291359787"
                      class="ui__StyledLink-sc-18aswmp-0 eYySMn"
                      data-auto="product-tile--title"
                      >Tesco Free From Beef Gravy 170G</a
                    >
                  </h3>
                  <div class="price-per-quantity-weight">
                    <span
                      ><span class="currency">£</span
                      ><span class="space"> </span
                      ><span data-auto="price-value" class="value"
                        >0.65</span
                      ></span
                    ><span class="weight">/100g</span>
                  </div>
                </div>
                <a
                  href="/groceries/en-GB/reviews/submission/291359787?from=%2Forders%2F3031-0443-26"
                  aria-label="Write a review for Tesco Free From Beef Gravy 170G"
                  class="tile-link__StyledLink-sc-1edp62s-0 ebRBWM icon-chevron_right-link"
                  data-auto="review-link"
                  >Write a review</a
                >
                <div class="quantity-label">1 item</div>
                <div class="price-control-wrapper">
                  <div
                    class="price-per-sellable-unit price-per-sellable-unit--price price-per-sellable-unit--price-per-item"
                  >
                    <div class="">
                      <span
                        ><span class="currency">£</span
                        ><span class="space"> </span
                        ><span data-auto="price-value" class="value"
                          >1.10</span
                        ></span
                      >
                    </div>
                  </div>
                </div>
              </div>
            </div>
          </div>
        </div>
      </div>
    </li>
    <li class="product-list--list-item">
      <div class="product-tile-wrapper">
        <div
          data-auto="product-tile"
          data-auto-type="Quantity"
          data-auto-available="true"
          data-auto-why-not-try="false"
          data-auto-is-restricted-disabled="false"
          data-auto-is-substitute="false"
          class="product-tile has-promotion square-offer-sash"
        >
          <div class="horizontal-tile pending-order-tile">
            <div
              class="tile-content"
              id="tile-310144528"
              data-auto-id="310144528"
            >
              <a
                href="/groceries/en-GB/products/310144528"
                aria-hidden="true"
                class="product-image-wrapper"
                tabindex="-1"
                ><div class="product-image__container">
                  <img
                    src="https://digitalcontent.api.tesco.com/v2/media/ghs/a7b6c985-b1bf-4bee-bca1-812916424d84/938a6aa4-7c45-43ba-9979-fa692661d754.jpeg?h=225&amp;w=225"
                    alt="Warburtons Gluten Free 4 Soft Brioche Rolls"
                    class="product-image"
                    srcset="
                      https://digitalcontent.api.tesco.com/v2/media/ghs/a7b6c985-b1bf-4bee-bca1-812916424d84/938a6aa4-7c45-43ba-9979-fa692661d754.jpeg?h=225&amp;w=225  768w,
                      https://digitalcontent.api.tesco.com/v2/media/ghs/a7b6c985-b1bf-4bee-bca1-812916424d84/938a6aa4-7c45-43ba-9979-fa692661d754.jpeg?h=225&amp;w=225 4000w
                    "
                  /></div
              ></a>
              <div class="product-details--wrapper">
                <div class="product-details--content">
                  <h3 class="ui__StyledTitle-sc-18aswmp-1 kIHRSq">
                    <a
                      href="/groceries/en-GB/products/310144528"
                      class="ui__StyledLink-sc-18aswmp-0 eYySMn"
                      data-auto="product-tile--title"
                      >Warburtons Gluten Free 4 Soft Brioche Rolls</a
                    >
                  </h3>
                  <div
                    class="promotions-wrapper hidden-small hidden-medium-small-only"
                  >
                    <ul class="product-promotions">
                      <li class="product-promotion">
                        <a href="/groceries/en-GB/promotions/88501237"
                          ><div class="list-item-content promo-content-small">
                            <span class="offer-text">£2.00 Clubcard Price</span
                            ><span class="dates"
                              >Offer valid for delivery from 07/06/2022 until
                              27/06/2022</span
                            >
                          </div></a
                        >
                      </li>
                    </ul>
                  </div>
                  <div class="price-per-quantity-weight">
                    <span
                      ><span class="currency">£</span
                      ><span class="space"> </span
                      ><span data-auto="price-value" class="value"
                        >0.62</span
                      ></span
                    ><span class="weight">/each</span>
                  </div>
                </div>
                <a
                  href="/groceries/en-GB/reviews/submission/310144528?from=%2Forders%2F3031-0443-26"
                  aria-label="Write a review for Warburtons Gluten Free 4 Soft Brioche Rolls"
                  class="tile-link__StyledLink-sc-1edp62s-0 ebRBWM icon-chevron_right-link"
                  data-auto="review-link"
                  >Write a review</a
                >
                <div class="quantity-label">1 item</div>
                <div class="price-control-wrapper">
                  <div
                    class="price-per-sellable-unit price-per-sellable-unit--price price-per-sellable-unit--price-per-item"
                  >
                    <div class="">
                      <span
                        ><span class="currency">£</span
                        ><span class="space"> </span
                        ><span data-auto="price-value" class="value"
                          >2.50</span
                        ></span
                      >
                    </div>
                  </div>
                </div>
              </div>
            </div>
            <div class="promotions-wrapper hidden-medium">
              <ul class="product-promotions">
                <li class="product-promotion">
                  <a href="/groceries/en-GB/promotions/88501237"
                    ><div class="list-item-content promo-content-small">
                      <span class="offer-text">£2.00 Clubcard Price</span
                      ><span class="dates"
                        >Offer valid for delivery from 07/06/2022 until
                        27/06/2022</span
                      >
                    </div></a
                  >
                </li>
              </ul>
            </div>
          </div>
        </div>
        <div
          class="styles__Wrapper-sc-1d2phhy-0 efDErh product-tile__StyledSpecialOfferSash-li9pa6-0 bVPzBo special-offer-sash special-offer-sash"
        >
          <span class="styles__CircleWrapper-sc-1d2phhy-2 hCbzjm"
            ><strong class="styles__TextWrapper-sc-1d2phhy-1 bLXNGg"
              >Clubcard Price</strong
            ></span
          >
        </div>
      </div>
    </li>
    <li class="product-list--list-item">
      <div class="product-tile-wrapper">
        <div
          data-auto="product-tile"
          data-auto-type="Quantity"
          data-auto-available="true"
          data-auto-why-not-try="false"
          data-auto-is-restricted-disabled="false"
          data-auto-is-substitute="false"
          class="product-tile has-promotion square-offer-sash"
        >
          <div class="horizontal-tile pending-order-tile">
            <div
              class="tile-content"
              id="tile-276783813"
              data-auto-id="276783813"
            >
              <a
                href="/groceries/en-GB/products/276783813"
                aria-hidden="true"
                class="product-image-wrapper"
                tabindex="-1"
                ><div class="product-image__container">
                  <img
                    src="https://digitalcontent.api.tesco.com/v2/media/ghs/5e918c29-885a-4567-9526-69dc102682f4/cf76c324-03b6-4760-894d-e7c121a9b2aa_357157369.jpeg?h=225&amp;w=225"
                    alt="Kikkoman Tamari Gluten Free Soy Sauce 250Ml"
                    class="product-image"
                    srcset="
                      https://digitalcontent.api.tesco.com/v2/media/ghs/5e918c29-885a-4567-9526-69dc102682f4/cf76c324-03b6-4760-894d-e7c121a9b2aa_357157369.jpeg?h=225&amp;w=225  768w,
                      https://digitalcontent.api.tesco.com/v2/media/ghs/5e918c29-885a-4567-9526-69dc102682f4/cf76c324-03b6-4760-894d-e7c121a9b2aa_357157369.jpeg?h=225&amp;w=225 4000w
                    "
                  /></div
              ></a>
              <div class="product-details--wrapper">
                <div class="product-details--content">
                  <h3 class="ui__StyledTitle-sc-18aswmp-1 kIHRSq">
                    <a
                      href="/groceries/en-GB/products/276783813"
                      class="ui__StyledLink-sc-18aswmp-0 eYySMn"
                      data-auto="product-tile--title"
                      >Kikkoman Tamari Gluten Free Soy Sauce 250Ml</a
                    >
                  </h3>
                  <div
                    class="promotions-wrapper hidden-small hidden-medium-small-only"
                  >
                    <ul class="product-promotions">
                      <li class="product-promotion">
                        <a href="/groceries/en-GB/promotions/88496411"
                          ><div class="list-item-content promo-content-small">
                            <span class="offer-text">£2.00 Clubcard Price</span
                            ><span class="dates"
                              >Offer valid for delivery from 01/06/2022 until
                              21/06/2022</span
                            >
                          </div></a
                        >
                      </li>
                    </ul>
                  </div>
                  <div class="price-per-quantity-weight">
                    <span
                      ><span class="currency">£</span
                      ><span class="space"> </span
                      ><span data-auto="price-value" class="value"
                        >1.04</span
                      ></span
                    ><span class="weight">/100ml</span>
                  </div>
                </div>
                <a
                  href="/groceries/en-GB/reviews/submission/276783813?from=%2Forders%2F3031-0443-26"
                  aria-label="Write a review for Kikkoman Tamari Gluten Free Soy Sauce 250Ml"
                  class="tile-link__StyledLink-sc-1edp62s-0 ebRBWM icon-chevron_right-link"
                  data-auto="review-link"
                  >Write a review</a
                >
                <div class="quantity-label">2 items</div>
                <div class="price-control-wrapper">
                  <div
                    class="price-per-sellable-unit price-per-sellable-unit--price price-per-sellable-unit--price-per-item"
                  >
                    <div class="">
                      <span
                        ><span class="currency">£</span
                        ><span class="space"> </span
                        ><span data-auto="price-value" class="value"
                          >2.60</span
                        ></span
                      >
                    </div>
                  </div>
                </div>
              </div>
            </div>
            <div class="promotions-wrapper hidden-medium">
              <ul class="product-promotions">
                <li class="product-promotion">
                  <a href="/groceries/en-GB/promotions/88496411"
                    ><div class="list-item-content promo-content-small">
                      <span class="offer-text">£2.00 Clubcard Price</span
                      ><span class="dates"
                        >Offer valid for delivery from 01/06/2022 until
                        21/06/2022</span
                      >
                    </div></a
                  >
                </li>
              </ul>
            </div>
          </div>
        </div>
        <div
          class="styles__Wrapper-sc-1d2phhy-0 efDErh product-tile__StyledSpecialOfferSash-li9pa6-0 bVPzBo special-offer-sash special-offer-sash"
        >
          <span class="styles__CircleWrapper-sc-1d2phhy-2 hCbzjm"
            ><strong class="styles__TextWrapper-sc-1d2phhy-1 bLXNGg"
              >Clubcard Price</strong
            ></span
          >
        </div>
      </div>
    </li>
    <li class="product-list--list-item">
      <div class="product-tile-wrapper">
        <div
          data-auto="product-tile"
          data-auto-type="Quantity"
          data-auto-available="true"
          data-auto-why-not-try="false"
          data-auto-is-restricted-disabled="false"
          data-auto-is-substitute="false"
          class="product-tile has-promotion square-offer-sash"
        >
          <div class="horizontal-tile pending-order-tile">
            <div
              class="tile-content"
              id="tile-301804113"
              data-auto-id="301804113"
            >
              <a
                href="/groceries/en-GB/products/301804113"
                aria-hidden="true"
                class="product-image-wrapper"
                tabindex="-1"
                ><div class="product-image__container">
                  <img
                    src="https://digitalcontent.api.tesco.com/v2/media/ghs/2b7c19ef-417c-4b03-90b5-497c090fb5e0/06f45a3e-1d66-4f20-a6e1-a910a1666f3a_1191210500.jpeg?h=225&amp;w=225"
                    alt="Nairns Gluten Free Rosemary &amp; Sea Salt Flatbreads 150G"
                    class="product-image"
                    srcset="
                      https://digitalcontent.api.tesco.com/v2/media/ghs/2b7c19ef-417c-4b03-90b5-497c090fb5e0/06f45a3e-1d66-4f20-a6e1-a910a1666f3a_1191210500.jpeg?h=225&amp;w=225  768w,
                      https://digitalcontent.api.tesco.com/v2/media/ghs/2b7c19ef-417c-4b03-90b5-497c090fb5e0/06f45a3e-1d66-4f20-a6e1-a910a1666f3a_1191210500.jpeg?h=225&amp;w=225 4000w
                    "
                  /></div
              ></a>
              <div class="product-details--wrapper">
                <div class="product-details--content">
                  <h3 class="ui__StyledTitle-sc-18aswmp-1 kIHRSq">
                    <a
                      href="/groceries/en-GB/products/301804113"
                      class="ui__StyledLink-sc-18aswmp-0 eYySMn"
                      data-auto="product-tile--title"
                      >Nairns Gluten Free Rosemary &amp; Sea Salt Flatbreads
                      150G</a
                    >
                  </h3>
                  <div
                    class="promotions-wrapper hidden-small hidden-medium-small-only"
                  >
                    <ul class="product-promotions">
                      <li class="product-promotion">
                        <a href="/groceries/en-GB/promotions/88500061"
                          ><div class="list-item-content promo-content-small">
                            <span class="offer-text">£1.50 Clubcard Price</span
                            ><span class="dates"
                              >Offer valid for delivery from 01/06/2022 until
                              21/06/2022</span
                            >
                          </div></a
                        >
                      </li>
                    </ul>
                  </div>
                  <div class="price-per-quantity-weight">
                    <span
                      ><span class="currency">£</span
                      ><span class="space"> </span
                      ><span data-auto="price-value" class="value"
                        >1.20</span
                      ></span
                    ><span class="weight">/100g</span>
                  </div>
                </div>
                <a
                  href="/groceries/en-GB/reviews/submission/301804113?from=%2Forders%2F3031-0443-26"
                  aria-label="Write a review for Nairns Gluten Free Rosemary &amp; Sea Salt Flatbreads 150G"
                  class="tile-link__StyledLink-sc-1edp62s-0 ebRBWM icon-chevron_right-link"
                  data-auto="review-link"
                  >Write a review</a
                >
                <div class="quantity-label">1 item</div>
                <div class="price-control-wrapper">
                  <div
                    class="price-per-sellable-unit price-per-sellable-unit--price price-per-sellable-unit--price-per-item"
                  >
                    <div class="">
                      <span
                        ><span class="currency">£</span
                        ><span class="space"> </span
                        ><span data-auto="price-value" class="value"
                          >1.80</span
                        ></span
                      >
                    </div>
                  </div>
                </div>
              </div>
            </div>
            <div class="promotions-wrapper hidden-medium">
              <ul class="product-promotions">
                <li class="product-promotion">
                  <a href="/groceries/en-GB/promotions/88500061"
                    ><div class="list-item-content promo-content-small">
                      <span class="offer-text">£1.50 Clubcard Price</span
                      ><span class="dates"
                        >Offer valid for delivery from 01/06/2022 until
                        21/06/2022</span
                      >
                    </div></a
                  >
                </li>
              </ul>
            </div>
          </div>
        </div>
        <div
          class="styles__Wrapper-sc-1d2phhy-0 efDErh product-tile__StyledSpecialOfferSash-li9pa6-0 bVPzBo special-offer-sash special-offer-sash"
        >
          <span class="styles__CircleWrapper-sc-1d2phhy-2 hCbzjm"
            ><strong class="styles__TextWrapper-sc-1d2phhy-1 bLXNGg"
              >Clubcard Price</strong
            ></span
          >
        </div>
      </div>
    </li>
    <li class="product-list--list-item">
      <div class="product-tile-wrapper">
        <div
          data-auto="product-tile"
          data-auto-type="Quantity"
          data-auto-available="true"
          data-auto-why-not-try="false"
          data-auto-is-restricted-disabled="false"
          data-auto-is-substitute="false"
          class="product-tile"
        >
          <div class="horizontal-tile pending-order-tile">
            <div
              class="tile-content"
              id="tile-301795829"
              data-auto-id="301795829"
            >
              <a
                href="/groceries/en-GB/products/301795829"
                aria-hidden="true"
                class="product-image-wrapper"
                tabindex="-1"
                ><div class="product-image__container">
                  <img
                    src="https://digitalcontent.api.tesco.com/v2/media/ghs/2bac0d5f-c1d9-44e4-b2b9-4f1e64ca8faa/78e95658-fda5-435d-8cae-a8b236256685.jpeg?h=225&amp;w=225"
                    alt="Tesco Gluten Free Garlic Chicken Kievs 260G"
                    class="product-image"
                    srcset="
                      https://digitalcontent.api.tesco.com/v2/media/ghs/2bac0d5f-c1d9-44e4-b2b9-4f1e64ca8faa/78e95658-fda5-435d-8cae-a8b236256685.jpeg?h=225&amp;w=225  768w,
                      https://digitalcontent.api.tesco.com/v2/media/ghs/2bac0d5f-c1d9-44e4-b2b9-4f1e64ca8faa/78e95658-fda5-435d-8cae-a8b236256685.jpeg?h=225&amp;w=225 4000w
                    "
                  /></div
              ></a>
              <div class="product-details--wrapper">
                <div class="product-details--content">
                  <h3 class="ui__StyledTitle-sc-18aswmp-1 kIHRSq">
                    <a
                      href="/groceries/en-GB/products/301795829"
                      class="ui__StyledLink-sc-18aswmp-0 eYySMn"
                      data-auto="product-tile--title"
                      >Tesco Gluten Free Garlic Chicken Kievs 260G</a
                    >
                  </h3>
                  <div class="price-per-quantity-weight">
                    <span
                      ><span class="currency">£</span
                      ><span class="space"> </span
                      ><span data-auto="price-value" class="value"
                        >1.25</span
                      ></span
                    ><span class="weight">/100g</span>
                  </div>
                </div>
                <a
                  href="/groceries/en-GB/reviews/submission/301795829?from=%2Forders%2F3031-0443-26"
                  aria-label="Write a review for Tesco Gluten Free Garlic Chicken Kievs 260G"
                  class="tile-link__StyledLink-sc-1edp62s-0 ebRBWM icon-chevron_right-link"
                  data-auto="review-link"
                  >Write a review</a
                >
                <div class="quantity-label">1 item</div>
                <div class="price-control-wrapper">
                  <div
                    class="price-per-sellable-unit price-per-sellable-unit--price price-per-sellable-unit--price-per-item"
                  >
                    <div class="">
                      <span
                        ><span class="currency">£</span
                        ><span class="space"> </span
                        ><span data-auto="price-value" class="value"
                          >3.25</span
                        ></span
                      >
                    </div>
                  </div>
                </div>
              </div>
            </div>
          </div>
        </div>
        <p
          class="styled__FlashSashContent-sc-9znnul-0 dYgYXb product-tile__StyledSpecialOfferSash-li9pa6-0 bVPzBo special-offer-sash"
        >
          <strong class="styled__FlashSashText-sc-9znnul-1 ggeHk">New</strong>
        </p>
      </div>
    </li>
    <li class="product-list--list-item">
      <div class="product-tile-wrapper">
        <div
          data-auto="product-tile"
          data-auto-type="Quantity"
          data-auto-available="true"
          data-auto-why-not-try="false"
          data-auto-is-restricted-disabled="false"
          data-auto-is-substitute="false"
          class="product-tile"
        >
          <div class="horizontal-tile pending-order-tile">
            <div
              class="tile-content"
              id="tile-299587400"
              data-auto-id="299587400"
            >
              <a
                href="/groceries/en-GB/products/299587400"
                aria-hidden="true"
                class="product-image-wrapper"
                tabindex="-1"
                ><div class="product-image__container">
                  <img
                    src="https://digitalcontent.api.tesco.com/v2/media/ghs/8248e69f-13e9-43d9-81ab-662da0c02e38/c541f51a-9a08-4e51-bca5-63f8ea228d89.jpeg?h=225&amp;w=225"
                    alt="Tesco Free From Southern Fried Mini Chicken Fillets 250G"
                    class="product-image"
                    srcset="
                      https://digitalcontent.api.tesco.com/v2/media/ghs/8248e69f-13e9-43d9-81ab-662da0c02e38/c541f51a-9a08-4e51-bca5-63f8ea228d89.jpeg?h=225&amp;w=225  768w,
                      https://digitalcontent.api.tesco.com/v2/media/ghs/8248e69f-13e9-43d9-81ab-662da0c02e38/c541f51a-9a08-4e51-bca5-63f8ea228d89.jpeg?h=225&amp;w=225 4000w
                    "
                  /></div
              ></a>
              <div class="product-details--wrapper">
                <div class="product-details--content">
                  <h3 class="ui__StyledTitle-sc-18aswmp-1 kIHRSq">
                    <a
                      href="/groceries/en-GB/products/299587400"
                      class="ui__StyledLink-sc-18aswmp-0 eYySMn"
                      data-auto="product-tile--title"
                      >Tesco Free From Southern Fried Mini Chicken Fillets
                      250G</a
                    >
                  </h3>
                  <div class="price-per-quantity-weight">
                    <span
                      ><span class="currency">£</span
                      ><span class="space"> </span
                      ><span data-auto="price-value" class="value"
                        >12.00</span
                      ></span
                    ><span class="weight">/kg</span>
                  </div>
                </div>
                <a
                  href="/groceries/en-GB/reviews/submission/299587400?from=%2Forders%2F3031-0443-26"
                  aria-label="Write a review for Tesco Free From Southern Fried Mini Chicken Fillets 250G"
                  class="tile-link__StyledLink-sc-1edp62s-0 ebRBWM icon-chevron_right-link"
                  data-auto="review-link"
                  >Write a review</a
                >
                <div class="quantity-label">1 item</div>
                <div class="price-control-wrapper">
                  <div
                    class="price-per-sellable-unit price-per-sellable-unit--price price-per-sellable-unit--price-per-item"
                  >
                    <div class="">
                      <span
                        ><span class="currency">£</span
                        ><span class="space"> </span
                        ><span data-auto="price-value" class="value"
                          >3.00</span
                        ></span
                      >
                    </div>
                  </div>
                </div>
              </div>
            </div>
          </div>
        </div>
      </div>
    </li>
    <li class="product-list--list-item">
      <div class="product-tile-wrapper">
        <div
          data-auto="product-tile"
          data-auto-type="Quantity"
          data-auto-available="true"
          data-auto-why-not-try="false"
          data-auto-is-restricted-disabled="false"
          data-auto-is-substitute="false"
          class="product-tile"
        >
          <div class="horizontal-tile pending-order-tile">
            <div
              class="tile-content"
              id="tile-310104801"
              data-auto-id="310104801"
            >
              <a
                href="/groceries/en-GB/products/310104801"
                aria-hidden="true"
                class="product-image-wrapper"
                tabindex="-1"
                ><div class="product-image__container">
                  <img
                    src="https://digitalcontent.api.tesco.com/v2/media/ghs/131d9340-fbcc-4da1-b5d4-10ad15d6d446/f15e2bd6-f1ea-467b-889f-f063a2fba81f.jpeg?h=225&amp;w=225"
                    alt="Yorkshire Provender Potato &amp; Celeriac Soup With Cheese 600G"
                    class="product-image"
                    srcset="
                      https://digitalcontent.api.tesco.com/v2/media/ghs/131d9340-fbcc-4da1-b5d4-10ad15d6d446/f15e2bd6-f1ea-467b-889f-f063a2fba81f.jpeg?h=225&amp;w=225  768w,
                      https://digitalcontent.api.tesco.com/v2/media/ghs/131d9340-fbcc-4da1-b5d4-10ad15d6d446/f15e2bd6-f1ea-467b-889f-f063a2fba81f.jpeg?h=225&amp;w=225 4000w
                    "
                  /></div
              ></a>
              <div class="product-details--wrapper">
                <div class="product-details--content">
                  <h3 class="ui__StyledTitle-sc-18aswmp-1 kIHRSq">
                    <a
                      href="/groceries/en-GB/products/310104801"
                      class="ui__StyledLink-sc-18aswmp-0 eYySMn"
                      data-auto="product-tile--title"
                      >Yorkshire Provender Potato &amp; Celeriac Soup With
                      Cheese 600G</a
                    >
                  </h3>
                  <div class="price-per-quantity-weight">
                    <span
                      ><span class="currency">£</span
                      ><span class="space"> </span
                      ><span data-auto="price-value" class="value"
                        >0.46</span
                      ></span
                    ><span class="weight">/100g</span>
                  </div>
                </div>
                <a
                  href="/groceries/en-GB/reviews/submission/310104801?from=%2Forders%2F3031-0443-26"
                  aria-label="Write a review for Yorkshire Provender Potato &amp; Celeriac Soup With Cheese 600G"
                  class="tile-link__StyledLink-sc-1edp62s-0 ebRBWM icon-chevron_right-link"
                  data-auto="review-link"
                  >Write a review</a
                >
                <div class="quantity-label">1 item</div>
                <div class="price-control-wrapper">
                  <div
                    class="price-per-sellable-unit price-per-sellable-unit--price price-per-sellable-unit--price-per-item"
                  >
                    <div class="">
                      <span
                        ><span class="currency">£</span
                        ><span class="space"> </span
                        ><span data-auto="price-value" class="value"
                          >2.75</span
                        ></span
                      >
                    </div>
                  </div>
                </div>
              </div>
            </div>
          </div>
        </div>
      </div>
    </li>
    <li class="product-list--list-item">
      <div class="product-tile-wrapper">
        <div
          data-auto="product-tile"
          data-auto-type="Quantity"
          data-auto-available="true"
          data-auto-why-not-try="false"
          data-auto-is-restricted-disabled="false"
          data-auto-is-substitute="false"
          class="product-tile"
        >
          <div class="horizontal-tile pending-order-tile">
            <div
              class="tile-content"
              id="tile-287967107"
              data-auto-id="287967107"
            >
              <a
                href="/groceries/en-GB/products/287967107"
                aria-hidden="true"
                class="product-image-wrapper"
                tabindex="-1"
                ><div class="product-image__container">
                  <img
                    src="https://digitalcontent.api.tesco.com/v2/media/ghs/bd13801d-1586-4c34-84a8-df142d2b47ba/36a90d38-6c4f-4c1f-a361-57b0e2680383.jpeg?h=225&amp;w=225"
                    alt="Yorkshire Provender Roast Chicken &amp; Vegetable Soup 600G"
                    class="product-image"
                    srcset="
                      https://digitalcontent.api.tesco.com/v2/media/ghs/bd13801d-1586-4c34-84a8-df142d2b47ba/36a90d38-6c4f-4c1f-a361-57b0e2680383.jpeg?h=225&amp;w=225  768w,
                      https://digitalcontent.api.tesco.com/v2/media/ghs/bd13801d-1586-4c34-84a8-df142d2b47ba/36a90d38-6c4f-4c1f-a361-57b0e2680383.jpeg?h=225&amp;w=225 4000w
                    "
                  /></div
              ></a>
              <div class="product-details--wrapper">
                <div class="product-details--content">
                  <h3 class="ui__StyledTitle-sc-18aswmp-1 kIHRSq">
                    <a
                      href="/groceries/en-GB/products/287967107"
                      class="ui__StyledLink-sc-18aswmp-0 eYySMn"
                      data-auto="product-tile--title"
                      >Yorkshire Provender Roast Chicken &amp; Vegetable Soup
                      600G</a
                    >
                  </h3>
                  <div class="price-per-quantity-weight">
                    <span
                      ><span class="currency">£</span
                      ><span class="space"> </span
                      ><span data-auto="price-value" class="value"
                        >0.46</span
                      ></span
                    ><span class="weight">/100g</span>
                  </div>
                </div>
                <a
                  href="/groceries/en-GB/reviews/submission/287967107?from=%2Forders%2F3031-0443-26"
                  aria-label="Write a review for Yorkshire Provender Roast Chicken &amp; Vegetable Soup 600G"
                  class="tile-link__StyledLink-sc-1edp62s-0 ebRBWM icon-chevron_right-link"
                  data-auto="review-link"
                  >Write a review</a
                >
                <div class="quantity-label">1 item</div>
                <div class="price-control-wrapper">
                  <div
                    class="price-per-sellable-unit price-per-sellable-unit--price price-per-sellable-unit--price-per-item"
                  >
                    <div class="">
                      <span
                        ><span class="currency">£</span
                        ><span class="space"> </span
                        ><span data-auto="price-value" class="value"
                          >2.75</span
                        ></span
                      >
                    </div>
                  </div>
                </div>
              </div>
            </div>
          </div>
        </div>
      </div>
    </li>
    <li class="product-list--list-item">
      <div class="product-tile-wrapper">
        <div
          data-auto="product-tile"
          data-auto-type="Quantity"
          data-auto-available="true"
          data-auto-why-not-try="false"
          data-auto-is-restricted-disabled="false"
          data-auto-is-substitute="false"
          class="product-tile"
        >
          <div class="horizontal-tile pending-order-tile">
            <div
              class="tile-content"
              id="tile-308472608"
              data-auto-id="308472608"
            >
              <a
                href="/groceries/en-GB/products/308472608"
                aria-hidden="true"
                class="product-image-wrapper"
                tabindex="-1"
                ><div class="product-image__container">
                  <img
                    src="https://digitalcontent.api.tesco.com/v2/media/ghs/4d541420-1731-43c8-b1f2-2955b41e83c3/846cae75-0017-4798-84d4-37e9f6e331ac.jpeg?h=225&amp;w=225"
                    alt="Tesco Room To Roam British Chicken Thighs 1Kg"
                    class="product-image"
                    srcset="
                      https://digitalcontent.api.tesco.com/v2/media/ghs/4d541420-1731-43c8-b1f2-2955b41e83c3/846cae75-0017-4798-84d4-37e9f6e331ac.jpeg?h=225&amp;w=225  768w,
                      https://digitalcontent.api.tesco.com/v2/media/ghs/4d541420-1731-43c8-b1f2-2955b41e83c3/846cae75-0017-4798-84d4-37e9f6e331ac.jpeg?h=225&amp;w=225 4000w
                    "
                  /></div
              ></a>
              <div class="product-details--wrapper">
                <div class="product-details--content">
                  <h3 class="ui__StyledTitle-sc-18aswmp-1 kIHRSq">
                    <a
                      href="/groceries/en-GB/products/308472608"
                      class="ui__StyledLink-sc-18aswmp-0 eYySMn"
                      data-auto="product-tile--title"
                      >Tesco Room To Roam British Chicken Thighs 1Kg</a
                    >
                  </h3>
                  <div class="price-per-quantity-weight">
                    <span
                      ><span class="currency">£</span
                      ><span class="space"> </span
                      ><span data-auto="price-value" class="value"
                        >3.40</span
                      ></span
                    ><span class="weight">/kg</span>
                  </div>
                </div>
                <a
                  href="/groceries/en-GB/reviews/submission/308472608?from=%2Forders%2F3031-0443-26"
                  aria-label="Write a review for Tesco Room To Roam British Chicken Thighs 1Kg"
                  class="tile-link__StyledLink-sc-1edp62s-0 ebRBWM icon-chevron_right-link"
                  data-auto="review-link"
                  >Write a review</a
                >
                <div class="quantity-label">1 item</div>
                <div class="price-control-wrapper">
                  <div
                    class="price-per-sellable-unit price-per-sellable-unit--price price-per-sellable-unit--price-per-item"
                  >
                    <div class="">
                      <span
                        ><span class="currency">£</span
                        ><span class="space"> </span
                        ><span data-auto="price-value" class="value"
                          >3.40</span
                        ></span
                      >
                    </div>
                  </div>
                </div>
              </div>
            </div>
          </div>
        </div>
      </div>
    </li>
    <li class="product-list--list-item">
      <div class="product-tile-wrapper">
        <div
          data-auto="product-tile"
          data-auto-type="Quantity"
          data-auto-available="true"
          data-auto-why-not-try="false"
          data-auto-is-restricted-disabled="false"
          data-auto-is-substitute="false"
          class="product-tile"
        >
          <div class="horizontal-tile pending-order-tile">
            <div
              class="tile-content"
              id="tile-255169542"
              data-auto-id="255169542"
            >
              <a
                href="/groceries/en-GB/products/255169542"
                aria-hidden="true"
                class="product-image-wrapper"
                tabindex="-1"
                ><div class="product-image__container">
                  <img
                    src="https://digitalcontent.api.tesco.com/v2/media/ghs/0f5b7562-cac3-4170-8054-729b867be459/3cffa952-9d63-4f34-b3aa-b6fed3c9ebf0.jpeg?h=225&amp;w=225"
                    alt="Tesco Mozzarella Pearls 210G"
                    class="product-image"
                    srcset="
                      https://digitalcontent.api.tesco.com/v2/media/ghs/0f5b7562-cac3-4170-8054-729b867be459/3cffa952-9d63-4f34-b3aa-b6fed3c9ebf0.jpeg?h=225&amp;w=225  768w,
                      https://digitalcontent.api.tesco.com/v2/media/ghs/0f5b7562-cac3-4170-8054-729b867be459/3cffa952-9d63-4f34-b3aa-b6fed3c9ebf0.jpeg?h=225&amp;w=225 4000w
                    "
                  /></div
              ></a>
              <div class="product-details--wrapper">
                <div class="product-details--content">
                  <h3 class="ui__StyledTitle-sc-18aswmp-1 kIHRSq">
                    <a
                      href="/groceries/en-GB/products/255169542"
                      class="ui__StyledLink-sc-18aswmp-0 eYySMn"
                      data-auto="product-tile--title"
                      >Tesco Mozzarella Pearls 210G</a
                    >
                  </h3>
                  <div class="price-per-quantity-weight">
                    <span
                      ><span class="currency">£</span
                      ><span class="space"> </span
                      ><span data-auto="price-value" class="value"
                        >10.00</span
                      ></span
                    ><span class="weight">/kg DR.WT</span>
                  </div>
                </div>
                <a
                  href="/groceries/en-GB/reviews/submission/255169542?from=%2Forders%2F3031-0443-26"
                  aria-label="Write a review for Tesco Mozzarella Pearls 210G"
                  class="tile-link__StyledLink-sc-1edp62s-0 ebRBWM icon-chevron_right-link"
                  data-auto="review-link"
                  >Write a review</a
                >
                <div class="quantity-label">1 item</div>
                <div class="price-control-wrapper">
                  <div
                    class="price-per-sellable-unit price-per-sellable-unit--price price-per-sellable-unit--price-per-item"
                  >
                    <div class="">
                      <span
                        ><span class="currency">£</span
                        ><span class="space"> </span
                        ><span data-auto="price-value" class="value"
                          >1.25</span
                        ></span
                      >
                    </div>
                  </div>
                </div>
              </div>
            </div>
          </div>
        </div>
      </div>
    </li>
    <li class="product-list--list-item">
      <div class="product-tile-wrapper">
        <div
          data-auto="product-tile"
          data-auto-type="Quantity"
          data-auto-available="true"
          data-auto-why-not-try="false"
          data-auto-is-restricted-disabled="false"
          data-auto-is-substitute="false"
          class="product-tile has-promotion square-offer-sash"
        >
          <div class="horizontal-tile pending-order-tile">
            <div
              class="tile-content"
              id="tile-264156405"
              data-auto-id="264156405"
            >
              <a
                href="/groceries/en-GB/products/264156405"
                aria-hidden="true"
                class="product-image-wrapper"
                tabindex="-1"
                ><div class="product-image__container">
                  <img
                    src="https://digitalcontent.api.tesco.com/v2/media/ghs/d5278588-0389-4e2f-acb4-4c30168f2aa2/cc9673af-200e-4ee5-9240-7eabe74d1869.jpeg?h=225&amp;w=225"
                    alt="Tesco 10 Red Leicester Slices 250G"
                    class="product-image"
                    srcset="
                      https://digitalcontent.api.tesco.com/v2/media/ghs/d5278588-0389-4e2f-acb4-4c30168f2aa2/cc9673af-200e-4ee5-9240-7eabe74d1869.jpeg?h=225&amp;w=225  768w,
                      https://digitalcontent.api.tesco.com/v2/media/ghs/d5278588-0389-4e2f-acb4-4c30168f2aa2/cc9673af-200e-4ee5-9240-7eabe74d1869.jpeg?h=225&amp;w=225 4000w
                    "
                  /></div
              ></a>
              <div class="product-details--wrapper">
                <div class="product-details--content">
                  <h3 class="ui__StyledTitle-sc-18aswmp-1 kIHRSq">
                    <a
                      href="/groceries/en-GB/products/264156405"
                      class="ui__StyledLink-sc-18aswmp-0 eYySMn"
                      data-auto="product-tile--title"
                      >Tesco 10 Red Leicester Slices 250G</a
                    >
                  </h3>
                  <div
                    class="promotions-wrapper hidden-small hidden-medium-small-only"
                  >
                    <ul class="product-promotions">
                      <li class="product-promotion">
                        <a href="/groceries/en-GB/promotions/88525176"
                          ><div class="list-item-content promo-content-small">
                            <span class="offer-text"
                              >Any 2 for £3.50 Clubcard Price - Selected Tesco
                              Or Cathedral City Cheddar Slices 150g - 250g</span
                            ><span class="dates"
                              >Offer valid for delivery from 15/06/2022 until
                              26/07/2022</span
                            >
                          </div></a
                        >
                      </li>
                    </ul>
                  </div>
                  <div class="price-per-quantity-weight">
                    <span
                      ><span class="currency">£</span
                      ><span class="space"> </span
                      ><span data-auto="price-value" class="value"
                        >8.00</span
                      ></span
                    ><span class="weight">/kg</span>
                  </div>
                </div>
                <a
                  href="/groceries/en-GB/reviews/submission/264156405?from=%2Forders%2F3031-0443-26"
                  aria-label="Write a review for Tesco 10 Red Leicester Slices 250G"
                  class="tile-link__StyledLink-sc-1edp62s-0 ebRBWM icon-chevron_right-link"
                  data-auto="review-link"
                  >Write a review</a
                >
                <div class="quantity-label">1 item</div>
                <div class="price-control-wrapper">
                  <div
                    class="price-per-sellable-unit price-per-sellable-unit--price price-per-sellable-unit--price-per-item"
                  >
                    <div class="">
                      <span
                        ><span class="currency">£</span
                        ><span class="space"> </span
                        ><span data-auto="price-value" class="value"
                          >2.00</span
                        ></span
                      >
                    </div>
                  </div>
                </div>
              </div>
            </div>
            <div class="promotions-wrapper hidden-medium">
              <ul class="product-promotions">
                <li class="product-promotion">
                  <a href="/groceries/en-GB/promotions/88525176"
                    ><div class="list-item-content promo-content-small">
                      <span class="offer-text"
                        >Any 2 for £3.50 Clubcard Price - Selected Tesco Or
                        Cathedral City Cheddar Slices 150g - 250g</span
                      ><span class="dates"
                        >Offer valid for delivery from 15/06/2022 until
                        26/07/2022</span
                      >
                    </div></a
                  >
                </li>
              </ul>
            </div>
          </div>
        </div>
        <div
          class="styles__Wrapper-sc-1d2phhy-0 efDErh product-tile__StyledSpecialOfferSash-li9pa6-0 bVPzBo special-offer-sash special-offer-sash"
        >
          <span class="styles__CircleWrapper-sc-1d2phhy-2 hCbzjm"
            ><strong class="styles__TextWrapper-sc-1d2phhy-1 bLXNGg"
              >Clubcard Price</strong
            ></span
          >
        </div>
      </div>
    </li>
    <li class="product-list--list-item">
      <div class="product-tile-wrapper">
        <div
          data-auto="product-tile"
          data-auto-type="Quantity"
          data-auto-available="true"
          data-auto-why-not-try="false"
          data-auto-is-restricted-disabled="false"
          data-auto-is-substitute="false"
          class="product-tile has-promotion square-offer-sash"
        >
          <div class="horizontal-tile pending-order-tile">
            <div
              class="tile-content"
              id="tile-299912575"
              data-auto-id="299912575"
            >
              <a
                href="/groceries/en-GB/products/299912575"
                aria-hidden="true"
                class="product-image-wrapper"
                tabindex="-1"
                ><div class="product-image__container">
                  <img
                    src="https://digitalcontent.api.tesco.com/v2/media/ghs/6f443a70-07fd-4009-9a54-f42997984918/f5724a1f-4d74-4dec-8cfb-352282fd0bb6_192600399.jpeg?h=225&amp;w=225"
                    alt="Tesco Gouda Slices 250G"
                    class="product-image"
                    srcset="
                      https://digitalcontent.api.tesco.com/v2/media/ghs/6f443a70-07fd-4009-9a54-f42997984918/f5724a1f-4d74-4dec-8cfb-352282fd0bb6_192600399.jpeg?h=225&amp;w=225  768w,
                      https://digitalcontent.api.tesco.com/v2/media/ghs/6f443a70-07fd-4009-9a54-f42997984918/f5724a1f-4d74-4dec-8cfb-352282fd0bb6_192600399.jpeg?h=225&amp;w=225 4000w
                    "
                  /></div
              ></a>
              <div class="product-details--wrapper">
                <div class="product-details--content">
                  <h3 class="ui__StyledTitle-sc-18aswmp-1 kIHRSq">
                    <a
                      href="/groceries/en-GB/products/299912575"
                      class="ui__StyledLink-sc-18aswmp-0 eYySMn"
                      data-auto="product-tile--title"
                      >Tesco Gouda Slices 250G</a
                    >
                  </h3>
                  <div
                    class="promotions-wrapper hidden-small hidden-medium-small-only"
                  >
                    <ul class="product-promotions">
                      <li class="product-promotion">
                        <a href="/groceries/en-GB/promotions/88525176"
                          ><div class="list-item-content promo-content-small">
                            <span class="offer-text"
                              >Any 2 for £3.50 Clubcard Price - Selected Tesco
                              Or Cathedral City Cheddar Slices 150g - 250g</span
                            ><span class="dates"
                              >Offer valid for delivery from 15/06/2022 until
                              26/07/2022</span
                            >
                          </div></a
                        >
                      </li>
                    </ul>
                  </div>
                  <div class="price-per-quantity-weight">
                    <span
                      ><span class="currency">£</span
                      ><span class="space"> </span
                      ><span data-auto="price-value" class="value"
                        >8.00</span
                      ></span
                    ><span class="weight">/kg</span>
                  </div>
                </div>
                <a
                  href="/groceries/en-GB/reviews/submission/299912575?from=%2Forders%2F3031-0443-26"
                  aria-label="Write a review for Tesco Gouda Slices 250G"
                  class="tile-link__StyledLink-sc-1edp62s-0 ebRBWM icon-chevron_right-link"
                  data-auto="review-link"
                  >Write a review</a
                >
                <div class="quantity-label">1 item</div>
                <div class="price-control-wrapper">
                  <div
                    class="price-per-sellable-unit price-per-sellable-unit--price price-per-sellable-unit--price-per-item"
                  >
                    <div class="">
                      <span
                        ><span class="currency">£</span
                        ><span class="space"> </span
                        ><span data-auto="price-value" class="value"
                          >2.00</span
                        ></span
                      >
                    </div>
                  </div>
                </div>
              </div>
            </div>
            <div class="promotions-wrapper hidden-medium">
              <ul class="product-promotions">
                <li class="product-promotion">
                  <a href="/groceries/en-GB/promotions/88525176"
                    ><div class="list-item-content promo-content-small">
                      <span class="offer-text"
                        >Any 2 for £3.50 Clubcard Price - Selected Tesco Or
                        Cathedral City Cheddar Slices 150g - 250g</span
                      ><span class="dates"
                        >Offer valid for delivery from 15/06/2022 until
                        26/07/2022</span
                      >
                    </div></a
                  >
                </li>
              </ul>
            </div>
          </div>
        </div>
        <div
          class="styles__Wrapper-sc-1d2phhy-0 efDErh product-tile__StyledSpecialOfferSash-li9pa6-0 bVPzBo special-offer-sash special-offer-sash"
        >
          <span class="styles__CircleWrapper-sc-1d2phhy-2 hCbzjm"
            ><strong class="styles__TextWrapper-sc-1d2phhy-1 bLXNGg"
              >Clubcard Price</strong
            ></span
          >
        </div>
      </div>
    </li>
    <li class="product-list--list-item">
      <div class="product-tile-wrapper">
        <div
          data-auto="product-tile"
          data-auto-type="Quantity"
          data-auto-available="true"
          data-auto-why-not-try="false"
          data-auto-is-restricted-disabled="false"
          data-auto-is-substitute="false"
          class="product-tile"
        >
          <div class="horizontal-tile pending-order-tile">
            <div
              class="tile-content"
              id="tile-260663698"
              data-auto-id="260663698"
            >
              <a
                href="/groceries/en-GB/products/260663698"
                aria-hidden="true"
                class="product-image-wrapper"
                tabindex="-1"
                ><div class="product-image__container">
                  <img
                    src="https://digitalcontent.api.tesco.com/v2/media/ghs/6b058e69-aaf6-45db-8ed8-4329cf9a199e/b045eac3-8db4-4bb8-b283-3d909bab64bf.jpeg?h=225&amp;w=225"
                    alt="Tesco Parmigiano Reggiano 200G"
                    class="product-image"
                    srcset="
                      https://digitalcontent.api.tesco.com/v2/media/ghs/6b058e69-aaf6-45db-8ed8-4329cf9a199e/b045eac3-8db4-4bb8-b283-3d909bab64bf.jpeg?h=225&amp;w=225  768w,
                      https://digitalcontent.api.tesco.com/v2/media/ghs/6b058e69-aaf6-45db-8ed8-4329cf9a199e/b045eac3-8db4-4bb8-b283-3d909bab64bf.jpeg?h=225&amp;w=225 4000w
                    "
                  /></div
              ></a>
              <div class="product-details--wrapper">
                <div class="product-details--content">
                  <h3 class="ui__StyledTitle-sc-18aswmp-1 kIHRSq">
                    <a
                      href="/groceries/en-GB/products/260663698"
                      class="ui__StyledLink-sc-18aswmp-0 eYySMn"
                      data-auto="product-tile--title"
                      >Tesco Parmigiano Reggiano 200G</a
                    >
                  </h3>
                  <div class="price-per-quantity-weight">
                    <span
                      ><span class="currency">£</span
                      ><span class="space"> </span
                      ><span data-auto="price-value" class="value"
                        >15.50</span
                      ></span
                    ><span class="weight">/kg</span>
                  </div>
                </div>
                <a
                  href="/groceries/en-GB/reviews/submission/260663698?from=%2Forders%2F3031-0443-26"
                  aria-label="Write a review for Tesco Parmigiano Reggiano 200G"
                  class="tile-link__StyledLink-sc-1edp62s-0 ebRBWM icon-chevron_right-link"
                  data-auto="review-link"
                  >Write a review</a
                >
                <div class="quantity-label">1 item</div>
                <div class="price-control-wrapper">
                  <div
                    class="price-per-sellable-unit price-per-sellable-unit--price price-per-sellable-unit--price-per-item"
                  >
                    <div class="">
                      <span
                        ><span class="currency">£</span
                        ><span class="space"> </span
                        ><span data-auto="price-value" class="value"
                          >3.10</span
                        ></span
                      >
                    </div>
                  </div>
                </div>
              </div>
            </div>
          </div>
        </div>
      </div>
    </li>
    <li class="product-list--list-item">
      <div class="product-tile-wrapper">
        <div
          data-auto="product-tile"
          data-auto-type="Quantity"
          data-auto-available="true"
          data-auto-why-not-try="false"
          data-auto-is-restricted-disabled="false"
          data-auto-is-substitute="false"
          class="product-tile"
        >
          <div class="horizontal-tile pending-order-tile">
            <div
              class="tile-content"
              id="tile-308083458"
              data-auto-id="308083458"
            >
              <a
                href="/groceries/en-GB/products/308083458"
                aria-hidden="true"
                class="product-image-wrapper"
                tabindex="-1"
                ><div class="product-image__container">
                  <img
                    src="https://digitalcontent.api.tesco.com/v2/media/ghs/e002bc7b-aed8-402c-93cd-8b6e59a76d09/2dc23470-cad7-4135-bdd1-787ee8e42d76.jpeg?h=225&amp;w=225"
                    alt="Tesco Beef Mince 500G 20% Fat"
                    class="product-image"
                    srcset="
                      https://digitalcontent.api.tesco.com/v2/media/ghs/e002bc7b-aed8-402c-93cd-8b6e59a76d09/2dc23470-cad7-4135-bdd1-787ee8e42d76.jpeg?h=225&amp;w=225  768w,
                      https://digitalcontent.api.tesco.com/v2/media/ghs/e002bc7b-aed8-402c-93cd-8b6e59a76d09/2dc23470-cad7-4135-bdd1-787ee8e42d76.jpeg?h=225&amp;w=225 4000w
                    "
                  /></div
              ></a>
              <div class="product-details--wrapper">
                <div class="product-details--content">
                  <h3 class="ui__StyledTitle-sc-18aswmp-1 kIHRSq">
                    <a
                      href="/groceries/en-GB/products/308083458"
                      class="ui__StyledLink-sc-18aswmp-0 eYySMn"
                      data-auto="product-tile--title"
                      >Tesco Beef Mince 500G 20% Fat</a
                    >
                  </h3>
                  <div class="price-per-quantity-weight">
                    <span
                      ><span class="currency">£</span
                      ><span class="space"> </span
                      ><span data-auto="price-value" class="value"
                        >3.78</span
                      ></span
                    ><span class="weight">/kg</span>
                  </div>
                </div>
                <a
                  href="/groceries/en-GB/reviews/submission/308083458?from=%2Forders%2F3031-0443-26"
                  aria-label="Write a review for Tesco Beef Mince 500G 20% Fat"
                  class="tile-link__StyledLink-sc-1edp62s-0 ebRBWM icon-chevron_right-link"
                  data-auto="review-link"
                  >Write a review</a
                >
                <div class="quantity-label">2 items</div>
                <div class="price-control-wrapper">
                  <div
                    class="price-per-sellable-unit price-per-sellable-unit--price price-per-sellable-unit--price-per-item"
                  >
                    <div class="">
                      <span
                        ><span class="currency">£</span
                        ><span class="space"> </span
                        ><span data-auto="price-value" class="value"
                          >1.89</span
                        ></span
                      >
                    </div>
                  </div>
                </div>
              </div>
            </div>
          </div>
        </div>
      </div>
    </li>
    <li class="product-list--list-item">
      <div class="product-tile-wrapper">
        <div
          data-auto="product-tile"
          data-auto-type="Quantity"
          data-auto-available="true"
          data-auto-why-not-try="false"
          data-auto-is-restricted-disabled="false"
          data-auto-is-substitute="false"
          class="product-tile"
        >
          <div class="horizontal-tile pending-order-tile">
            <div
              class="tile-content"
              id="tile-254874209"
              data-auto-id="254874209"
            >
              <a
                href="/groceries/en-GB/products/254874209"
                aria-hidden="true"
                class="product-image-wrapper"
                tabindex="-1"
                ><div class="product-image__container">
                  <img
                    src="https://digitalcontent.api.tesco.com/v2/media/ghs/4f60340c-5e4c-4485-a718-088c39a51a80/80581bd2-db8f-4bc6-9373-905e74a7aa6b_257501414.jpeg?h=225&amp;w=225"
                    alt="Napolina Chopped Tomatoes 400G"
                    class="product-image"
                    srcset="
                      https://digitalcontent.api.tesco.com/v2/media/ghs/4f60340c-5e4c-4485-a718-088c39a51a80/80581bd2-db8f-4bc6-9373-905e74a7aa6b_257501414.jpeg?h=225&amp;w=225  768w,
                      https://digitalcontent.api.tesco.com/v2/media/ghs/4f60340c-5e4c-4485-a718-088c39a51a80/80581bd2-db8f-4bc6-9373-905e74a7aa6b_257501414.jpeg?h=225&amp;w=225 4000w
                    "
                  /></div
              ></a>
              <div class="product-details--wrapper">
                <div class="product-details--content">
                  <h3 class="ui__StyledTitle-sc-18aswmp-1 kIHRSq">
                    <a
                      href="/groceries/en-GB/products/254874209"
                      class="ui__StyledLink-sc-18aswmp-0 eYySMn"
                      data-auto="product-tile--title"
                      >Napolina Chopped Tomatoes 400G</a
                    >
                  </h3>
                  <div class="price-per-quantity-weight">
                    <span
                      ><span class="currency">£</span
                      ><span class="space"> </span
                      ><span data-auto="price-value" class="value"
                        >1.48</span
                      ></span
                    ><span class="weight">/kg</span>
                  </div>
                </div>
                <a
                  href="/groceries/en-GB/reviews/submission/254874209?from=%2Forders%2F3031-0443-26"
                  aria-label="Write a review for Napolina Chopped Tomatoes 400G"
                  class="tile-link__StyledLink-sc-1edp62s-0 ebRBWM icon-chevron_right-link"
                  data-auto="review-link"
                  >Write a review</a
                >
                <div class="quantity-label">2 items</div>
                <div class="price-control-wrapper">
                  <div
                    class="price-per-sellable-unit price-per-sellable-unit--price price-per-sellable-unit--price-per-item"
                  >
                    <div class="">
                      <span
                        ><span class="currency">£</span
                        ><span class="space"> </span
                        ><span data-auto="price-value" class="value"
                          >0.59</span
                        ></span
                      >
                    </div>
                  </div>
                </div>
              </div>
            </div>
          </div>
        </div>
      </div>
    </li>
    <li class="product-list--list-item">
      <div class="product-tile-wrapper">
        <div
          data-auto="product-tile"
          data-auto-type="Quantity"
          data-auto-available="true"
          data-auto-why-not-try="false"
          data-auto-is-restricted-disabled="false"
          data-auto-is-substitute="false"
          class="product-tile"
        >
          <div class="horizontal-tile pending-order-tile">
            <div
              class="tile-content"
              id="tile-301956693"
              data-auto-id="301956693"
            >
              <a
                href="/groceries/en-GB/products/301956693"
                aria-hidden="true"
                class="product-image-wrapper"
                tabindex="-1"
                ><div class="product-image__container">
                  <img
                    src="https://digitalcontent.api.tesco.com/v2/media/ghs/60dcc44e-f341-4f74-8f6e-f8b23361b0ad/c39c71bf-6ff6-428b-a42b-8e19fe386d92_1930792410.jpeg?h=225&amp;w=225"
                    alt="Tesco Red Kidney Beans In Chilli 390G"
                    class="product-image"
                    srcset="
                      https://digitalcontent.api.tesco.com/v2/media/ghs/60dcc44e-f341-4f74-8f6e-f8b23361b0ad/c39c71bf-6ff6-428b-a42b-8e19fe386d92_1930792410.jpeg?h=225&amp;w=225  768w,
                      https://digitalcontent.api.tesco.com/v2/media/ghs/60dcc44e-f341-4f74-8f6e-f8b23361b0ad/c39c71bf-6ff6-428b-a42b-8e19fe386d92_1930792410.jpeg?h=225&amp;w=225 4000w
                    "
                  /></div
              ></a>
              <div class="product-details--wrapper">
                <div class="product-details--content">
                  <h3 class="ui__StyledTitle-sc-18aswmp-1 kIHRSq">
                    <a
                      href="/groceries/en-GB/products/301956693"
                      class="ui__StyledLink-sc-18aswmp-0 eYySMn"
                      data-auto="product-tile--title"
                      >Tesco Red Kidney Beans In Chilli 390G</a
                    >
                  </h3>
                  <div class="price-per-quantity-weight">
                    <span
                      ><span class="currency">£</span
                      ><span class="space"> </span
                      ><span data-auto="price-value" class="value"
                        >1.80</span
                      ></span
                    ><span class="weight">/kg</span>
                  </div>
                </div>
                <a
                  href="/groceries/en-GB/reviews/submission/301956693?from=%2Forders%2F3031-0443-26"
                  aria-label="Write a review for Tesco Red Kidney Beans In Chilli 390G"
                  class="tile-link__StyledLink-sc-1edp62s-0 ebRBWM icon-chevron_right-link"
                  data-auto="review-link"
                  >Write a review</a
                >
                <div class="quantity-label">3 items</div>
                <div class="price-control-wrapper">
                  <div
                    class="price-per-sellable-unit price-per-sellable-unit--price price-per-sellable-unit--price-per-item"
                  >
                    <div class="">
                      <span
                        ><span class="currency">£</span
                        ><span class="space"> </span
                        ><span data-auto="price-value" class="value"
                          >0.70</span
                        ></span
                      >
                    </div>
                  </div>
                </div>
              </div>
            </div>
          </div>
        </div>
      </div>
    </li>
    <li class="product-list--list-item">
      <div class="product-tile-wrapper">
        <div
          data-auto="product-tile"
          data-auto-type="Quantity"
          data-auto-available="true"
          data-auto-why-not-try="false"
          data-auto-is-restricted-disabled="false"
          data-auto-is-substitute="false"
          class="product-tile"
        >
          <div class="horizontal-tile pending-order-tile">
            <div
              class="tile-content"
              id="tile-308476276"
              data-auto-id="308476276"
            >
              <a
                href="/groceries/en-GB/products/308476276"
                aria-hidden="true"
                class="product-image-wrapper"
                tabindex="-1"
                ><div class="product-image__container">
                  <img
                    src="https://digitalcontent.api.tesco.com/v2/media/ghs/db89f27d-2c76-472b-8ee0-15425a90de88/592b2537-45db-4249-aaab-3bfb4b557d8e.jpeg?h=225&amp;w=225"
                    alt="Tesco Scotch Bonnet Chillies 50G"
                    class="product-image"
                    srcset="
                      https://digitalcontent.api.tesco.com/v2/media/ghs/db89f27d-2c76-472b-8ee0-15425a90de88/592b2537-45db-4249-aaab-3bfb4b557d8e.jpeg?h=225&amp;w=225  768w,
                      https://digitalcontent.api.tesco.com/v2/media/ghs/db89f27d-2c76-472b-8ee0-15425a90de88/592b2537-45db-4249-aaab-3bfb4b557d8e.jpeg?h=225&amp;w=225 4000w
                    "
                  /></div
              ></a>
              <div class="product-details--wrapper">
                <div class="product-details--content">
                  <h3 class="ui__StyledTitle-sc-18aswmp-1 kIHRSq">
                    <a
                      href="/groceries/en-GB/products/308476276"
                      class="ui__StyledLink-sc-18aswmp-0 eYySMn"
                      data-auto="product-tile--title"
                      >Tesco Scotch Bonnet Chillies 50G</a
                    >
                  </h3>
                  <div class="price-per-quantity-weight">
                    <span
                      ><span class="currency">£</span
                      ><span class="space"> </span
                      ><span data-auto="price-value" class="value"
                        >18.00</span
                      ></span
                    ><span class="weight">/kg</span>
                  </div>
                </div>
                <a
                  href="/groceries/en-GB/reviews/submission/308476276?from=%2Forders%2F3031-0443-26"
                  aria-label="Write a review for Tesco Scotch Bonnet Chillies 50G"
                  class="tile-link__StyledLink-sc-1edp62s-0 ebRBWM icon-chevron_right-link"
                  data-auto="review-link"
                  >Write a review</a
                >
                <div class="quantity-label">1 item</div>
                <div class="price-control-wrapper">
                  <div
                    class="price-per-sellable-unit price-per-sellable-unit--price price-per-sellable-unit--price-per-item"
                  >
                    <div class="">
                      <span
                        ><span class="currency">£</span
                        ><span class="space"> </span
                        ><span data-auto="price-value" class="value"
                          >0.90</span
                        ></span
                      >
                    </div>
                  </div>
                </div>
              </div>
            </div>
          </div>
        </div>
      </div>
    </li>
    <li class="product-list--list-item">
      <div class="product-tile-wrapper">
        <div
          data-auto="product-tile"
          data-auto-type="QuantityOrWeight"
          data-auto-available="true"
          data-auto-why-not-try="false"
          data-auto-is-restricted-disabled="false"
          data-auto-is-substitute="false"
          class="product-tile"
        >
          <div class="horizontal-tile pending-order-tile">
            <div
              class="tile-content"
              id="tile-253559297"
              data-auto-id="253559297"
            >
              <a
                href="/groceries/en-GB/products/253559297"
                aria-hidden="true"
                class="product-image-wrapper"
                tabindex="-1"
                ><div class="product-image__container">
                  <img
                    src="https://digitalcontent.api.tesco.com/v2/media/ghs/f6014617-abe8-4a1d-b109-b4038e0434c2/0da618a7-4b9a-468e-a259-cff127c6f75b.jpeg?h=225&amp;w=225"
                    alt="Ginger Root Loose"
                    class="product-image"
                    srcset="
                      https://digitalcontent.api.tesco.com/v2/media/ghs/f6014617-abe8-4a1d-b109-b4038e0434c2/0da618a7-4b9a-468e-a259-cff127c6f75b.jpeg?h=225&amp;w=225  768w,
                      https://digitalcontent.api.tesco.com/v2/media/ghs/f6014617-abe8-4a1d-b109-b4038e0434c2/0da618a7-4b9a-468e-a259-cff127c6f75b.jpeg?h=225&amp;w=225 4000w
                    "
                  /></div
              ></a>
              <div class="product-details--wrapper">
                <div class="product-details--content">
                  <h3 class="ui__StyledTitle-sc-18aswmp-1 kIHRSq">
                    <a
                      href="/groceries/en-GB/products/253559297"
                      class="ui__StyledLink-sc-18aswmp-0 eYySMn"
                      data-auto="product-tile--title"
                      >Ginger Root Loose</a
                    >
                  </h3>
                  <div class="price-per-quantity-weight">
                    <span
                      ><span class="currency">£</span
                      ><span class="space"> </span
                      ><span data-auto="price-value" class="value"
                        >5.25</span
                      ></span
                    ><span class="weight">/kg</span>
                  </div>
                </div>
                <a
                  href="/groceries/en-GB/reviews/submission/253559297?from=%2Forders%2F3031-0443-26"
                  aria-label="Write a review for Ginger Root Loose"
                  class="tile-link__StyledLink-sc-1edp62s-0 ebRBWM icon-chevron_right-link"
                  data-auto="review-link"
                  >Write a review</a
                >
                <div class="quantity-label">0.3kg</div>
                <div class="price-control-wrapper">
                  <div
                    class="price-per-sellable-unit price-per-sellable-unit--price price-per-sellable-unit--price-per-weight"
                  >
                    <div class="">
                      <span
                        ><span class="currency">£</span
                        ><span class="space"> </span
                        ><span data-auto="price-value" class="value"
                          >0.53</span
                        ></span
                      >
                    </div>
                  </div>
                </div>
              </div>
            </div>
          </div>
        </div>
      </div>
    </li>
    <li class="product-list--list-item">
      <div class="product-tile-wrapper">
        <div
          data-auto="product-tile"
          data-auto-type="Quantity"
          data-auto-available="true"
          data-auto-why-not-try="false"
          data-auto-is-restricted-disabled="false"
          data-auto-is-substitute="false"
          class="product-tile"
        >
          <div class="horizontal-tile pending-order-tile">
            <div
              class="tile-content"
              id="tile-272682288"
              data-auto-id="272682288"
            >
              <a
                href="/groceries/en-GB/products/272682288"
                aria-hidden="true"
                class="product-image-wrapper"
                tabindex="-1"
                ><div class="product-image__container">
                  <img
                    src="https://digitalcontent.api.tesco.com/v2/media/ghs/86dd9663-85bd-493f-858d-9c2e2cfdd83e/c26c2fba-af51-4ddb-b7bc-f03569755890_2095586387.jpeg?h=225&amp;w=225"
                    alt="Tesco Large Garlic Each"
                    class="product-image"
                    srcset="
                      https://digitalcontent.api.tesco.com/v2/media/ghs/86dd9663-85bd-493f-858d-9c2e2cfdd83e/c26c2fba-af51-4ddb-b7bc-f03569755890_2095586387.jpeg?h=225&amp;w=225  768w,
                      https://digitalcontent.api.tesco.com/v2/media/ghs/86dd9663-85bd-493f-858d-9c2e2cfdd83e/c26c2fba-af51-4ddb-b7bc-f03569755890_2095586387.jpeg?h=225&amp;w=225 4000w
                    "
                  /></div
              ></a>
              <div class="product-details--wrapper">
                <div class="product-details--content">
                  <h3 class="ui__StyledTitle-sc-18aswmp-1 kIHRSq">
                    <a
                      href="/groceries/en-GB/products/272682288"
                      class="ui__StyledLink-sc-18aswmp-0 eYySMn"
                      data-auto="product-tile--title"
                      >Tesco Large Garlic Each</a
                    >
                  </h3>
                  <div class="price-per-quantity-weight">
                    <span
                      ><span class="currency">£</span
                      ><span class="space"> </span
                      ><span data-auto="price-value" class="value"
                        >0.60</span
                      ></span
                    ><span class="weight">/each</span>
                  </div>
                </div>
                <a
                  href="/groceries/en-GB/reviews/submission/272682288?from=%2Forders%2F3031-0443-26"
                  aria-label="Write a review for Tesco Large Garlic Each"
                  class="tile-link__StyledLink-sc-1edp62s-0 ebRBWM icon-chevron_right-link"
                  data-auto="review-link"
                  >Write a review</a
                >
                <div class="quantity-label">3 items</div>
                <div class="price-control-wrapper">
                  <div
                    class="price-per-sellable-unit price-per-sellable-unit--price price-per-sellable-unit--price-per-item"
                  >
                    <div class="">
                      <span
                        ><span class="currency">£</span
                        ><span class="space"> </span
                        ><span data-auto="price-value" class="value"
                          >0.60</span
                        ></span
                      >
                    </div>
                  </div>
                </div>
              </div>
            </div>
          </div>
        </div>
      </div>
    </li>
    <li class="product-list--list-item">
      <div class="product-tile-wrapper">
        <div
          data-auto="product-tile"
          data-auto-type="Quantity"
          data-auto-available="true"
          data-auto-why-not-try="false"
          data-auto-is-restricted-disabled="false"
          data-auto-is-substitute="false"
          class="product-tile has-promotion square-offer-sash"
        >
          <div class="horizontal-tile pending-order-tile">
            <div
              class="tile-content"
              id="tile-254278040"
              data-auto-id="254278040"
            >
              <a
                href="/groceries/en-GB/products/254278040"
                aria-hidden="true"
                class="product-image-wrapper"
                tabindex="-1"
                ><div class="product-image__container">
                  <img
                    src="https://digitalcontent.api.tesco.com/v2/media/ghs/5674be46-7dda-4058-aa7f-c16d5be4fc4f/698408f7-8eb2-4c96-acbc-40219488cd3b.jpeg?h=225&amp;w=225"
                    alt="Tesco Semi Skimmed Longlife Milk 1 Litre"
                    class="product-image"
                    srcset="
                      https://digitalcontent.api.tesco.com/v2/media/ghs/5674be46-7dda-4058-aa7f-c16d5be4fc4f/698408f7-8eb2-4c96-acbc-40219488cd3b.jpeg?h=225&amp;w=225  768w,
                      https://digitalcontent.api.tesco.com/v2/media/ghs/5674be46-7dda-4058-aa7f-c16d5be4fc4f/698408f7-8eb2-4c96-acbc-40219488cd3b.jpeg?h=225&amp;w=225 4000w
                    "
                  /></div
              ></a>
              <div class="product-details--wrapper">
                <div class="product-details--content">
                  <h3 class="ui__StyledTitle-sc-18aswmp-1 kIHRSq">
                    <a
                      href="/groceries/en-GB/products/254278040"
                      class="ui__StyledLink-sc-18aswmp-0 eYySMn"
                      data-auto="product-tile--title"
                      >Tesco Semi Skimmed Longlife Milk 1 Litre</a
                    >
                  </h3>
                  <div
                    class="promotions-wrapper hidden-small hidden-medium-small-only"
                  >
                    <ul class="product-promotions">
                      <li class="product-promotion">
                        <a href="/groceries/en-GB/promotions/88533666"
                          ><div class="list-item-content promo-content-small">
                            <span class="offer-text"
                              >Any 4 for £3.20 Clubcard Price - Tesco Skimmed
                              Longlife Uht Milk 1 Litre</span
                            ><span class="dates"
                              >Offer valid for delivery from 17/06/2022 until
                              05/07/2022</span
                            >
                          </div></a
                        >
                      </li>
                    </ul>
                  </div>
                  <div class="price-per-quantity-weight">
                    <span
                      ><span class="currency">£</span
                      ><span class="space"> </span
                      ><span data-auto="price-value" class="value"
                        >0.90</span
                      ></span
                    ><span class="weight">/litre</span>
                  </div>
                </div>
                <a
                  href="/groceries/en-GB/reviews/submission/254278040?from=%2Forders%2F3031-0443-26"
                  aria-label="Write a review for Tesco Semi Skimmed Longlife Milk 1 Litre"
                  class="tile-link__StyledLink-sc-1edp62s-0 ebRBWM icon-chevron_right-link"
                  data-auto="review-link"
                  >Write a review</a
                >
                <div class="quantity-label">4 items</div>
                <div class="price-control-wrapper">
                  <div
                    class="price-per-sellable-unit price-per-sellable-unit--price price-per-sellable-unit--price-per-item"
                  >
                    <div class="">
                      <span
                        ><span class="currency">£</span
                        ><span class="space"> </span
                        ><span data-auto="price-value" class="value"
                          >0.90</span
                        ></span
                      >
                    </div>
                  </div>
                </div>
              </div>
            </div>
            <div class="promotions-wrapper hidden-medium">
              <ul class="product-promotions">
                <li class="product-promotion">
                  <a href="/groceries/en-GB/promotions/88533666"
                    ><div class="list-item-content promo-content-small">
                      <span class="offer-text"
                        >Any 4 for £3.20 Clubcard Price - Tesco Skimmed Longlife
                        Uht Milk 1 Litre</span
                      ><span class="dates"
                        >Offer valid for delivery from 17/06/2022 until
                        05/07/2022</span
                      >
                    </div></a
                  >
                </li>
              </ul>
            </div>
          </div>
        </div>
        <div
          class="styles__Wrapper-sc-1d2phhy-0 efDErh product-tile__StyledSpecialOfferSash-li9pa6-0 bVPzBo special-offer-sash special-offer-sash"
        >
          <span class="styles__CircleWrapper-sc-1d2phhy-2 hCbzjm"
            ><strong class="styles__TextWrapper-sc-1d2phhy-1 bLXNGg"
              >Clubcard Price</strong
            ></span
          >
        </div>
      </div>
    </li>
    <li class="product-list--list-item">
      <div class="product-tile-wrapper">
        <div
          data-auto="product-tile"
          data-auto-type="Quantity"
          data-auto-available="true"
          data-auto-why-not-try="false"
          data-auto-is-restricted-disabled="false"
          data-auto-is-substitute="false"
          class="product-tile has-promotion square-offer-sash"
        >
          <div class="horizontal-tile pending-order-tile">
            <div
              class="tile-content"
              id="tile-311262317"
              data-auto-id="311262317"
            >
              <a
                href="/groceries/en-GB/products/311262317"
                aria-hidden="true"
                class="product-image-wrapper"
                tabindex="-1"
                ><div class="product-image__container">
                  <img
                    src="https://digitalcontent.api.tesco.com/v2/media/ghs/99a5f8f1-0395-4e67-ba65-3d919fba72f8/972084ba-15bf-4749-87a8-d676065af466.jpeg?h=225&amp;w=225"
                    alt="Minor Figures Organic Barista Oat Drink 1L"
                    class="product-image"
                    srcset="
                      https://digitalcontent.api.tesco.com/v2/media/ghs/99a5f8f1-0395-4e67-ba65-3d919fba72f8/972084ba-15bf-4749-87a8-d676065af466.jpeg?h=225&amp;w=225  768w,
                      https://digitalcontent.api.tesco.com/v2/media/ghs/99a5f8f1-0395-4e67-ba65-3d919fba72f8/972084ba-15bf-4749-87a8-d676065af466.jpeg?h=225&amp;w=225 4000w
                    "
                  /></div
              ></a>
              <div class="product-details--wrapper">
                <div class="product-details--content">
                  <h3 class="ui__StyledTitle-sc-18aswmp-1 kIHRSq">
                    <a
                      href="/groceries/en-GB/products/311262317"
                      class="ui__StyledLink-sc-18aswmp-0 eYySMn"
                      data-auto="product-tile--title"
                      >Minor Figures Organic Barista Oat Drink 1L</a
                    >
                  </h3>
                  <div
                    class="promotions-wrapper hidden-small hidden-medium-small-only"
                  >
                    <ul class="product-promotions">
                      <li class="product-promotion">
                        <a href="/groceries/en-GB/promotions/88509869"
                          ><div class="list-item-content promo-content-small">
                            <span class="offer-text">£1.50 Clubcard Price</span
                            ><span class="dates"
                              >Offer valid for delivery from 15/06/2022 until
                              05/07/2022</span
                            >
                          </div></a
                        >
                      </li>
                    </ul>
                  </div>
                  <div class="price-per-quantity-weight">
                    <span
                      ><span class="currency">£</span
                      ><span class="space"> </span
                      ><span data-auto="price-value" class="value"
                        >2.00</span
                      ></span
                    ><span class="weight">/litre</span>
                  </div>
                </div>
                <a
                  href="/groceries/en-GB/reviews/submission/311262317?from=%2Forders%2F3031-0443-26"
                  aria-label="Write a review for Minor Figures Organic Barista Oat Drink 1L"
                  class="tile-link__StyledLink-sc-1edp62s-0 ebRBWM icon-chevron_right-link"
                  data-auto="review-link"
                  >Write a review</a
                >
                <div class="quantity-label">4 items</div>
                <div class="price-control-wrapper">
                  <div
                    class="price-per-sellable-unit price-per-sellable-unit--price price-per-sellable-unit--price-per-item"
                  >
                    <div class="">
                      <span
                        ><span class="currency">£</span
                        ><span class="space"> </span
                        ><span data-auto="price-value" class="value"
                          >2.00</span
                        ></span
                      >
                    </div>
                  </div>
                </div>
              </div>
            </div>
            <div class="promotions-wrapper hidden-medium">
              <ul class="product-promotions">
                <li class="product-promotion">
                  <a href="/groceries/en-GB/promotions/88509869"
                    ><div class="list-item-content promo-content-small">
                      <span class="offer-text">£1.50 Clubcard Price</span
                      ><span class="dates"
                        >Offer valid for delivery from 15/06/2022 until
                        05/07/2022</span
                      >
                    </div></a
                  >
                </li>
              </ul>
            </div>
          </div>
        </div>
        <div
          class="styles__Wrapper-sc-1d2phhy-0 efDErh product-tile__StyledSpecialOfferSash-li9pa6-0 bVPzBo special-offer-sash special-offer-sash"
        >
          <span class="styles__CircleWrapper-sc-1d2phhy-2 hCbzjm"
            ><strong class="styles__TextWrapper-sc-1d2phhy-1 bLXNGg"
              >Clubcard Price</strong
            ></span
          >
        </div>
      </div>
    </li>
    <li class="product-list--list-item">
      <div class="product-tile-wrapper">
        <div
          data-auto="product-tile"
          data-auto-type="Quantity"
          data-auto-available="true"
          data-auto-why-not-try="false"
          data-auto-is-restricted-disabled="false"
          data-auto-is-substitute="false"
          class="product-tile"
        >
          <div class="horizontal-tile pending-order-tile">
            <div
              class="tile-content"
              id="tile-281055580"
              data-auto-id="281055580"
            >
              <a
                href="/groceries/en-GB/products/281055580"
                aria-hidden="true"
                class="product-image-wrapper"
                tabindex="-1"
                ><div class="product-image__container">
                  <img
                    src="https://digitalcontent.api.tesco.com/v2/media/ghs/ed78d87c-5597-4408-b87d-04de7add9eee/4f125b78-d9db-4d78-bc24-dae1ef465105_841583625.jpeg?h=225&amp;w=225"
                    alt="Tesco Luxury Soft Toilet Tissue White 4 Roll"
                    class="product-image"
                    srcset="
                      https://digitalcontent.api.tesco.com/v2/media/ghs/ed78d87c-5597-4408-b87d-04de7add9eee/4f125b78-d9db-4d78-bc24-dae1ef465105_841583625.jpeg?h=225&amp;w=225  768w,
                      https://digitalcontent.api.tesco.com/v2/media/ghs/ed78d87c-5597-4408-b87d-04de7add9eee/4f125b78-d9db-4d78-bc24-dae1ef465105_841583625.jpeg?h=225&amp;w=225 4000w
                    "
                  /></div
              ></a>
              <div class="product-details--wrapper">
                <div class="product-details--content">
                  <h3 class="ui__StyledTitle-sc-18aswmp-1 kIHRSq">
                    <a
                      href="/groceries/en-GB/products/281055580"
                      class="ui__StyledLink-sc-18aswmp-0 eYySMn"
                      data-auto="product-tile--title"
                      >Tesco Luxury Soft Toilet Tissue White 4 Roll</a
                    >
                  </h3>
                  <div class="price-per-quantity-weight">
                    <span
                      ><span class="currency">£</span
                      ><span class="space"> </span
                      ><span data-auto="price-value" class="value"
                        >0.20</span
                      ></span
                    ><span class="weight">/100sht</span>
                  </div>
                </div>
                <a
                  href="/groceries/en-GB/reviews/submission/281055580?from=%2Forders%2F3031-0443-26"
                  aria-label="Write a review for Tesco Luxury Soft Toilet Tissue White 4 Roll"
                  class="tile-link__StyledLink-sc-1edp62s-0 ebRBWM icon-chevron_right-link"
                  data-auto="review-link"
                  >Write a review</a
                >
                <div class="quantity-label">1 item</div>
                <div class="price-control-wrapper">
                  <div
                    class="price-per-sellable-unit price-per-sellable-unit--price price-per-sellable-unit--price-per-item"
                  >
                    <div class="">
                      <span
                        ><span class="currency">£</span
                        ><span class="space"> </span
                        ><span data-auto="price-value" class="value"
                          >1.80</span
                        ></span
                      >
                    </div>
                  </div>
                </div>
              </div>
            </div>
          </div>
        </div>
      </div>
    </li>
    <li class="product-list--list-item">
      <div class="product-tile-wrapper">
        <div
          data-auto="product-tile"
          data-auto-type="Quantity"
          data-auto-available="true"
          data-auto-why-not-try="false"
          data-auto-is-restricted-disabled="false"
          data-auto-is-substitute="false"
          class="product-tile has-promotion square-offer-sash"
        >
          <div class="horizontal-tile pending-order-tile">
            <div
              class="tile-content"
              id="tile-307737649"
              data-auto-id="307737649"
            >
              <a
                href="/groceries/en-GB/products/307737649"
                aria-hidden="true"
                class="product-image-wrapper"
                tabindex="-1"
                ><div class="product-image__container">
                  <img
                    src="https://digitalcontent.api.tesco.com/v2/media/ghs/86b32f65-ffc5-45f8-b449-901a64c02154/11968362-9481-40bc-9332-0e7b6fb7601f_569483725.jpeg?h=225&amp;w=225"
                    alt="Comfort Ultimate Care Fresh Sky Fabric Conditioner 58W 870Ml"
                    class="product-image"
                    srcset="
                      https://digitalcontent.api.tesco.com/v2/media/ghs/86b32f65-ffc5-45f8-b449-901a64c02154/11968362-9481-40bc-9332-0e7b6fb7601f_569483725.jpeg?h=225&amp;w=225  768w,
                      https://digitalcontent.api.tesco.com/v2/media/ghs/86b32f65-ffc5-45f8-b449-901a64c02154/11968362-9481-40bc-9332-0e7b6fb7601f_569483725.jpeg?h=225&amp;w=225 4000w
                    "
                  /></div
              ></a>
              <div class="product-details--wrapper">
                <div class="product-details--content">
                  <h3 class="ui__StyledTitle-sc-18aswmp-1 kIHRSq">
                    <a
                      href="/groceries/en-GB/products/307737649"
                      class="ui__StyledLink-sc-18aswmp-0 eYySMn"
                      data-auto="product-tile--title"
                      >Comfort Ultimate Care Fresh Sky Fabric Conditioner 58W
                      870Ml</a
                    >
                  </h3>
                  <div
                    class="promotions-wrapper hidden-small hidden-medium-small-only"
                  >
                    <ul class="product-promotions">
                      <li class="product-promotion">
                        <a href="/groceries/en-GB/promotions/88494224"
                          ><div class="list-item-content promo-content-small">
                            <span class="offer-text">£3.00 Clubcard Price</span
                            ><span class="dates"
                              >Offer valid for delivery from 01/06/2022 until
                              21/06/2022</span
                            >
                          </div></a
                        >
                      </li>
                    </ul>
                  </div>
                  <div class="price-per-quantity-weight">
                    <span
                      ><span class="currency">£</span
                      ><span class="space"> </span
                      ><span data-auto="price-value" class="value"
                        >4.03</span
                      ></span
                    ><span class="weight">/litre</span>
                  </div>
                </div>
                <a
                  href="/groceries/en-GB/reviews/submission/307737649?from=%2Forders%2F3031-0443-26"
                  aria-label="Write a review for Comfort Ultimate Care Fresh Sky Fabric Conditioner 58W 870Ml"
                  class="tile-link__StyledLink-sc-1edp62s-0 ebRBWM icon-chevron_right-link"
                  data-auto="review-link"
                  >Write a review</a
                >
                <div class="quantity-label">1 item</div>
                <div class="price-control-wrapper">
                  <div
                    class="price-per-sellable-unit price-per-sellable-unit--price price-per-sellable-unit--price-per-item"
                  >
                    <div class="">
                      <span
                        ><span class="currency">£</span
                        ><span class="space"> </span
                        ><span data-auto="price-value" class="value"
                          >3.50</span
                        ></span
                      >
                    </div>
                  </div>
                </div>
              </div>
            </div>
            <div class="promotions-wrapper hidden-medium">
              <ul class="product-promotions">
                <li class="product-promotion">
                  <a href="/groceries/en-GB/promotions/88494224"
                    ><div class="list-item-content promo-content-small">
                      <span class="offer-text">£3.00 Clubcard Price</span
                      ><span class="dates"
                        >Offer valid for delivery from 01/06/2022 until
                        21/06/2022</span
                      >
                    </div></a
                  >
                </li>
              </ul>
            </div>
          </div>
        </div>
        <div
          class="styles__Wrapper-sc-1d2phhy-0 efDErh product-tile__StyledSpecialOfferSash-li9pa6-0 bVPzBo special-offer-sash special-offer-sash"
        >
          <span class="styles__CircleWrapper-sc-1d2phhy-2 hCbzjm"
            ><strong class="styles__TextWrapper-sc-1d2phhy-1 bLXNGg"
              >Clubcard Price</strong
            ></span
          >
        </div>
      </div>
    </li>
    <li class="product-list--list-item">
      <div class="product-tile-wrapper">
        <div
          data-auto="product-tile"
          data-auto-type="Quantity"
          data-auto-available="true"
          data-auto-why-not-try="false"
          data-auto-is-restricted-disabled="false"
          data-auto-is-substitute="false"
          class="product-tile"
        >
          <div class="horizontal-tile pending-order-tile">
            <div
              class="tile-content"
              id="tile-306502899"
              data-auto-id="306502899"
            >
              <a
                href="/groceries/en-GB/products/306502899"
                aria-hidden="true"
                class="product-image-wrapper"
                tabindex="-1"
                ><div class="product-image__container">
                  <img
                    src="https://digitalcontent.api.tesco.com/v2/media/ghs/887444cd-6e93-4a1f-94f9-9ddd3ee980a0/9503bb91-b034-400f-9527-7871bd69751e_1152062008.jpeg?h=225&amp;w=225"
                    alt="Tesco Non Biological Detergent Super Concentrated 1.8L 60W"
                    class="product-image"
                    srcset="
                      https://digitalcontent.api.tesco.com/v2/media/ghs/887444cd-6e93-4a1f-94f9-9ddd3ee980a0/9503bb91-b034-400f-9527-7871bd69751e_1152062008.jpeg?h=225&amp;w=225  768w,
                      https://digitalcontent.api.tesco.com/v2/media/ghs/887444cd-6e93-4a1f-94f9-9ddd3ee980a0/9503bb91-b034-400f-9527-7871bd69751e_1152062008.jpeg?h=225&amp;w=225 4000w
                    "
                  /></div
              ></a>
              <div class="product-details--wrapper">
                <div class="product-details--content">
                  <h3 class="ui__StyledTitle-sc-18aswmp-1 kIHRSq">
                    <a
                      href="/groceries/en-GB/products/306502899"
                      class="ui__StyledLink-sc-18aswmp-0 eYySMn"
                      data-auto="product-tile--title"
                      >Tesco Non Biological Detergent Super Concentrated 1.8L
                      60W</a
                    >
                  </h3>
                  <div class="price-per-quantity-weight">
                    <span
                      ><span class="currency">£</span
                      ><span class="space"> </span
                      ><span data-auto="price-value" class="value"
                        >2.00</span
                      ></span
                    ><span class="weight">/litre</span>
                  </div>
                </div>
                <a
                  href="/groceries/en-GB/reviews/submission/306502899?from=%2Forders%2F3031-0443-26"
                  aria-label="Write a review for Tesco Non Biological Detergent Super Concentrated 1.8L 60W"
                  class="tile-link__StyledLink-sc-1edp62s-0 ebRBWM icon-chevron_right-link"
                  data-auto="review-link"
                  >Write a review</a
                >
                <div class="quantity-label">1 item</div>
                <div class="price-control-wrapper">
                  <div
                    class="price-per-sellable-unit price-per-sellable-unit--price price-per-sellable-unit--price-per-item"
                  >
                    <div class="">
                      <span
                        ><span class="currency">£</span
                        ><span class="space"> </span
                        ><span data-auto="price-value" class="value"
                          >3.60</span
                        ></span
                      >
                    </div>
                  </div>
                </div>
              </div>
            </div>
          </div>
        </div>
      </div>
    </li>
    <li class="product-list--list-item">
      <div class="product-tile-wrapper">
        <div
          data-auto="product-tile"
          data-auto-type="Quantity"
          data-auto-available="true"
          data-auto-why-not-try="false"
          data-auto-is-restricted-disabled="false"
          data-auto-is-substitute="false"
          class="product-tile"
        >
          <div class="horizontal-tile pending-order-tile">
            <div
              class="tile-content"
              id="tile-311275890"
              data-auto-id="311275890"
            >
              <a
                href="/groceries/en-GB/products/311275890"
                aria-hidden="true"
                class="product-image-wrapper"
                tabindex="-1"
                ><div class="product-image__container">
                  <img
                    src="https://digitalcontent.api.tesco.com/v2/media/ghs/98f4586d-1e83-4744-914c-e475b2140aa0/4a5ba8bf-361a-479a-96b4-0da4b4f7904d_1406460846.jpeg?h=225&amp;w=225"
                    alt="Fairy Original Washing Up Liquid 1190Ml"
                    class="product-image"
                    srcset="
                      https://digitalcontent.api.tesco.com/v2/media/ghs/98f4586d-1e83-4744-914c-e475b2140aa0/4a5ba8bf-361a-479a-96b4-0da4b4f7904d_1406460846.jpeg?h=225&amp;w=225  768w,
                      https://digitalcontent.api.tesco.com/v2/media/ghs/98f4586d-1e83-4744-914c-e475b2140aa0/4a5ba8bf-361a-479a-96b4-0da4b4f7904d_1406460846.jpeg?h=225&amp;w=225 4000w
                    "
                  /></div
              ></a>
              <div class="product-details--wrapper">
                <div class="product-details--content">
                  <h3 class="ui__StyledTitle-sc-18aswmp-1 kIHRSq">
                    <a
                      href="/groceries/en-GB/products/311275890"
                      class="ui__StyledLink-sc-18aswmp-0 eYySMn"
                      data-auto="product-tile--title"
                      >Fairy Original Washing Up Liquid 1190Ml</a
                    >
                  </h3>
                  <div class="price-per-quantity-weight">
                    <span
                      ><span class="currency">£</span
                      ><span class="space"> </span
                      ><span data-auto="price-value" class="value"
                        >2.11</span
                      ></span
                    ><span class="weight">/litre</span>
                  </div>
                </div>
                <a
                  href="/groceries/en-GB/reviews/submission/311275890?from=%2Forders%2F3031-0443-26"
                  aria-label="Write a review for Fairy Original Washing Up Liquid 1190Ml"
                  class="tile-link__StyledLink-sc-1edp62s-0 ebRBWM icon-chevron_right-link"
                  data-auto="review-link"
                  >Write a review</a
                >
                <div class="quantity-label">1 item</div>
                <div class="price-control-wrapper">
                  <div
                    class="price-per-sellable-unit price-per-sellable-unit--price price-per-sellable-unit--price-per-item"
                  >
                    <div class="">
                      <span
                        ><span class="currency">£</span
                        ><span class="space"> </span
                        ><span data-auto="price-value" class="value"
                          >2.50</span
                        ></span
                      >
                    </div>
                  </div>
                </div>
              </div>
            </div>
          </div>
        </div>
      </div>
    </li>
    <li class="product-list--list-item">
      <div class="product-tile-wrapper">
        <div
          data-auto="product-tile"
          data-auto-type="Quantity"
          data-auto-available="true"
          data-auto-why-not-try="false"
          data-auto-is-restricted-disabled="false"
          data-auto-is-substitute="false"
          class="product-tile has-promotion square-offer-sash"
        >
          <div class="horizontal-tile pending-order-tile">
            <div
              class="tile-content"
              id="tile-280010957"
              data-auto-id="280010957"
            >
              <a
                href="/groceries/en-GB/products/280010957"
                aria-hidden="true"
                class="product-image-wrapper"
                tabindex="-1"
                ><div class="product-image__container">
                  <img
                    src="https://digitalcontent.api.tesco.com/v2/media/ghs/342e455d-9d76-409d-99d9-5ebccaf49b90/ca407ef4-be4b-4b84-8c70-a1fb0e5239fa.jpeg?h=225&amp;w=225"
                    alt="Tesco Finest British Cumberland Pork Sausages 667G"
                    class="product-image"
                    srcset="
                      https://digitalcontent.api.tesco.com/v2/media/ghs/342e455d-9d76-409d-99d9-5ebccaf49b90/ca407ef4-be4b-4b84-8c70-a1fb0e5239fa.jpeg?h=225&amp;w=225  768w,
                      https://digitalcontent.api.tesco.com/v2/media/ghs/342e455d-9d76-409d-99d9-5ebccaf49b90/ca407ef4-be4b-4b84-8c70-a1fb0e5239fa.jpeg?h=225&amp;w=225 4000w
                    "
                  /></div
              ></a>
              <div class="product-details--wrapper">
                <div class="product-details--content">
                  <h3 class="ui__StyledTitle-sc-18aswmp-1 kIHRSq">
                    <a
                      href="/groceries/en-GB/products/280010957"
                      class="ui__StyledLink-sc-18aswmp-0 eYySMn"
                      data-auto="product-tile--title"
                      >Tesco Finest British Cumberland Pork Sausages 667G</a
                    >
                  </h3>
                  <div
                    class="promotions-wrapper hidden-small hidden-medium-small-only"
                  >
                    <ul class="product-promotions">
                      <li class="product-promotion">
                        <a href="/groceries/en-GB/promotions/88504380"
                          ><div class="list-item-content promo-content-small">
                            <span class="offer-text">£3.50 Clubcard Price</span
                            ><span class="dates"
                              >Offer valid for delivery from 15/06/2022 until
                              05/07/2022</span
                            >
                          </div></a
                        >
                      </li>
                    </ul>
                  </div>
                  <div class="price-per-quantity-weight">
                    <span
                      ><span class="currency">£</span
                      ><span class="space"> </span
                      ><span data-auto="price-value" class="value"
                        >6.00</span
                      ></span
                    ><span class="weight">/kg</span>
                  </div>
                </div>
                <a
                  href="/groceries/en-GB/reviews/submission/280010957?from=%2Forders%2F3031-0443-26"
                  aria-label="Write a review for Tesco Finest British Cumberland Pork Sausages 667G"
                  class="tile-link__StyledLink-sc-1edp62s-0 ebRBWM icon-chevron_right-link"
                  data-auto="review-link"
                  >Write a review</a
                >
                <div class="quantity-label">1 item</div>
                <div class="price-control-wrapper">
                  <div
                    class="price-per-sellable-unit price-per-sellable-unit--price price-per-sellable-unit--price-per-item"
                  >
                    <div class="">
                      <span
                        ><span class="currency">£</span
                        ><span class="space"> </span
                        ><span data-auto="price-value" class="value"
                          >4.00</span
                        ></span
                      >
                    </div>
                  </div>
                </div>
              </div>
            </div>
            <div class="promotions-wrapper hidden-medium">
              <ul class="product-promotions">
                <li class="product-promotion">
                  <a href="/groceries/en-GB/promotions/88504380"
                    ><div class="list-item-content promo-content-small">
                      <span class="offer-text">£3.50 Clubcard Price</span
                      ><span class="dates"
                        >Offer valid for delivery from 15/06/2022 until
                        05/07/2022</span
                      >
                    </div></a
                  >
                </li>
              </ul>
            </div>
          </div>
        </div>
        <div
          class="styles__Wrapper-sc-1d2phhy-0 efDErh product-tile__StyledSpecialOfferSash-li9pa6-0 bVPzBo special-offer-sash special-offer-sash"
        >
          <span class="styles__CircleWrapper-sc-1d2phhy-2 hCbzjm"
            ><strong class="styles__TextWrapper-sc-1d2phhy-1 bLXNGg"
              >Clubcard Price</strong
            ></span
          >
        </div>
      </div>
    </li>
    <li class="product-list--list-item">
      <div class="product-tile-wrapper">
        <div
          data-auto="product-tile"
          data-auto-type="Quantity"
          data-auto-available="true"
          data-auto-why-not-try="false"
          data-auto-is-restricted-disabled="false"
          data-auto-is-substitute="false"
          class="product-tile has-promotion square-offer-sash"
        >
          <div class="horizontal-tile pending-order-tile">
            <div
              class="tile-content"
              id="tile-254263339"
              data-auto-id="254263339"
            >
              <a
                href="/groceries/en-GB/products/254263339"
                aria-hidden="true"
                class="product-image-wrapper"
                tabindex="-1"
                ><div class="product-image__container">
                  <img
                    src="https://digitalcontent.api.tesco.com/v2/media/ghs/34245f8b-db23-4646-b65c-93e805227e40/5987e6ca-a3db-4742-a2f2-8d9c238cf3c8.jpeg?h=225&amp;w=225"
                    alt="Lurpak Slightly Salted Block Butter 250G"
                    class="product-image"
                    srcset="
                      https://digitalcontent.api.tesco.com/v2/media/ghs/34245f8b-db23-4646-b65c-93e805227e40/5987e6ca-a3db-4742-a2f2-8d9c238cf3c8.jpeg?h=225&amp;w=225  768w,
                      https://digitalcontent.api.tesco.com/v2/media/ghs/34245f8b-db23-4646-b65c-93e805227e40/5987e6ca-a3db-4742-a2f2-8d9c238cf3c8.jpeg?h=225&amp;w=225 4000w
                    "
                  /></div
              ></a>
              <div class="product-details--wrapper">
                <div class="product-details--content">
                  <h3 class="ui__StyledTitle-sc-18aswmp-1 kIHRSq">
                    <a
                      href="/groceries/en-GB/products/254263339"
                      class="ui__StyledLink-sc-18aswmp-0 eYySMn"
                      data-auto="product-tile--title"
                      >Lurpak Slightly Salted Block Butter 250G</a
                    >
                  </h3>
                  <div
                    class="promotions-wrapper hidden-small hidden-medium-small-only"
                  >
                    <ul class="product-promotions">
                      <li class="product-promotion">
                        <a href="/groceries/en-GB/promotions/88531394"
                          ><div class="list-item-content promo-content-small">
                            <span class="offer-text">£2.15 Clubcard Price</span
                            ><span class="dates"
                              >Offer valid for delivery from 15/06/2022 until
                              28/06/2022</span
                            >
                          </div></a
                        >
                      </li>
                    </ul>
                  </div>
                  <div class="price-per-quantity-weight">
                    <span
                      ><span class="currency">£</span
                      ><span class="space"> </span
                      ><span data-auto="price-value" class="value"
                        >9.60</span
                      ></span
                    ><span class="weight">/kg</span>
                  </div>
                </div>
                <a
                  href="/groceries/en-GB/reviews/submission/254263339?from=%2Forders%2F3031-0443-26"
                  aria-label="Write a review for Lurpak Slightly Salted Block Butter 250G"
                  class="tile-link__StyledLink-sc-1edp62s-0 ebRBWM icon-chevron_right-link"
                  data-auto="review-link"
                  >Write a review</a
                >
                <div class="quantity-label">1 item</div>
                <div class="price-control-wrapper">
                  <div
                    class="price-per-sellable-unit price-per-sellable-unit--price price-per-sellable-unit--price-per-item"
                  >
                    <div class="">
                      <span
                        ><span class="currency">£</span
                        ><span class="space"> </span
                        ><span data-auto="price-value" class="value"
                          >2.40</span
                        ></span
                      >
                    </div>
                  </div>
                </div>
              </div>
            </div>
            <div class="promotions-wrapper hidden-medium">
              <ul class="product-promotions">
                <li class="product-promotion">
                  <a href="/groceries/en-GB/promotions/88531394"
                    ><div class="list-item-content promo-content-small">
                      <span class="offer-text">£2.15 Clubcard Price</span
                      ><span class="dates"
                        >Offer valid for delivery from 15/06/2022 until
                        28/06/2022</span
                      >
                    </div></a
                  >
                </li>
              </ul>
            </div>
          </div>
        </div>
        <div
          class="styles__Wrapper-sc-1d2phhy-0 efDErh product-tile__StyledSpecialOfferSash-li9pa6-0 bVPzBo special-offer-sash special-offer-sash"
        >
          <span class="styles__CircleWrapper-sc-1d2phhy-2 hCbzjm"
            ><strong class="styles__TextWrapper-sc-1d2phhy-1 bLXNGg"
              >Clubcard Price</strong
            ></span
          >
        </div>
      </div>
    </li>
    <li class="product-list--list-item">
      <div class="product-tile-wrapper">
        <div
          data-auto="product-tile"
          data-auto-type="Quantity"
          data-auto-available="true"
          data-auto-why-not-try="false"
          data-auto-is-restricted-disabled="false"
          data-auto-is-substitute="false"
          class="product-tile"
        >
          <div class="horizontal-tile pending-order-tile">
            <div
              class="tile-content tile-content--has-product-tile-actions"
              id="tile-260298456"
              data-auto-id="260298456"
            >
              <div class="product-tile-actions--has-no-text">
                <div class="favourite-icon">
                  <span
                    class="favorite-heart-icon"
                    title="This item is in your favourites"
                  ></span
                  ><span class="visually-hidden"
                    >This item is in your favourites</span
                  >
                </div>
              </div>
              <a
                href="/groceries/en-GB/products/260298456"
                aria-hidden="true"
                class="product-image-wrapper"
                tabindex="-1"
                ><div class="product-image__container">
                  <img
                    src="https://digitalcontent.api.tesco.com/v2/media/ghs/aed173bc-f59a-4ab9-9c73-267550ab4769/b5449d30-8856-43e4-8a43-fccd68c751ab.jpeg?h=225&amp;w=225"
                    alt="Tesco Large Free Range Eggs 12 Pack"
                    class="product-image"
                    srcset="
                      https://digitalcontent.api.tesco.com/v2/media/ghs/aed173bc-f59a-4ab9-9c73-267550ab4769/b5449d30-8856-43e4-8a43-fccd68c751ab.jpeg?h=225&amp;w=225  768w,
                      https://digitalcontent.api.tesco.com/v2/media/ghs/aed173bc-f59a-4ab9-9c73-267550ab4769/b5449d30-8856-43e4-8a43-fccd68c751ab.jpeg?h=225&amp;w=225 4000w
                    "
                  /></div
              ></a>
              <div class="product-details--wrapper">
                <div class="product-details--content">
                  <h3 class="ui__StyledTitle-sc-18aswmp-1 kIHRSq">
                    <a
                      href="/groceries/en-GB/products/260298456"
                      class="ui__StyledLink-sc-18aswmp-0 eYySMn"
                      data-auto="product-tile--title"
                      >Tesco Large Free Range Eggs 12 Pack</a
                    >
                  </h3>
                  <div class="price-per-quantity-weight">
                    <span
                      ><span class="currency">£</span
                      ><span class="space"> </span
                      ><span data-auto="price-value" class="value"
                        >0.18</span
                      ></span
                    ><span class="weight">/each</span>
                  </div>
                </div>
                <a
                  href="/groceries/en-GB/reviews/submission/260298456?from=%2Forders%2F3031-0443-26"
                  aria-label="Write a review for Tesco Large Free Range Eggs 12 Pack"
                  class="tile-link__StyledLink-sc-1edp62s-0 ebRBWM icon-chevron_right-link"
                  data-auto="review-link"
                  >Write a review</a
                >
                <div class="quantity-label">2 items</div>
                <div class="price-control-wrapper">
                  <div
                    class="price-per-sellable-unit price-per-sellable-unit--price price-per-sellable-unit--price-per-item"
                  >
                    <div class="">
                      <span
                        ><span class="currency">£</span
                        ><span class="space"> </span
                        ><span data-auto="price-value" class="value"
                          >2.20</span
                        ></span
                      >
                    </div>
                  </div>
                </div>
              </div>
            </div>
          </div>
        </div>
      </div>
    </li>
    <li class="product-list--list-item">
      <div class="product-tile-wrapper">
        <div
          data-auto="product-tile"
          data-auto-type="Quantity"
          data-auto-available="true"
          data-auto-why-not-try="false"
          data-auto-is-restricted-disabled="false"
          data-auto-is-substitute="false"
          class="product-tile"
        >
          <div class="horizontal-tile pending-order-tile">
            <div
              class="tile-content"
              id="tile-258491673"
              data-auto-id="258491673"
            >
              <a
                href="/groceries/en-GB/products/258491673"
                aria-hidden="true"
                class="product-image-wrapper"
                tabindex="-1"
                ><div class="product-image__container">
                  <img
                    src="https://digitalcontent.api.tesco.com/v2/media/ghs/4f3c703c-1fe4-4720-a1e5-61ab9ef28c51/54e31db1-4bab-4ab0-bef5-cc6f06bea5fb_563620961.jpeg?h=225&amp;w=225"
                    alt="Redmere Farms Green Beans 220G"
                    class="product-image"
                    srcset="
                      https://digitalcontent.api.tesco.com/v2/media/ghs/4f3c703c-1fe4-4720-a1e5-61ab9ef28c51/54e31db1-4bab-4ab0-bef5-cc6f06bea5fb_563620961.jpeg?h=225&amp;w=225  768w,
                      https://digitalcontent.api.tesco.com/v2/media/ghs/4f3c703c-1fe4-4720-a1e5-61ab9ef28c51/54e31db1-4bab-4ab0-bef5-cc6f06bea5fb_563620961.jpeg?h=225&amp;w=225 4000w
                    "
                  /></div
              ></a>
              <div class="product-details--wrapper">
                <div class="product-details--content">
                  <h3 class="ui__StyledTitle-sc-18aswmp-1 kIHRSq">
                    <a
                      href="/groceries/en-GB/products/258491673"
                      class="ui__StyledLink-sc-18aswmp-0 eYySMn"
                      data-auto="product-tile--title"
                      >Redmere Farms Green Beans 220G</a
                    >
                  </h3>
                  <div class="price-per-quantity-weight">
                    <span
                      ><span class="currency">£</span
                      ><span class="space"> </span
                      ><span data-auto="price-value" class="value"
                        >3.64</span
                      ></span
                    ><span class="weight">/kg</span>
                  </div>
                </div>
                <a
                  href="/groceries/en-GB/reviews/submission/258491673?from=%2Forders%2F3031-0443-26"
                  aria-label="Write a review for Redmere Farms Green Beans 220G"
                  class="tile-link__StyledLink-sc-1edp62s-0 ebRBWM icon-chevron_right-link"
                  data-auto="review-link"
                  >Write a review</a
                >
                <div class="quantity-label">2 items</div>
                <div class="price-control-wrapper">
                  <div
                    class="price-per-sellable-unit price-per-sellable-unit--price price-per-sellable-unit--price-per-item"
                  >
                    <div class="">
                      <span
                        ><span class="currency">£</span
                        ><span class="space"> </span
                        ><span data-auto="price-value" class="value"
                          >0.80</span
                        ></span
                      >
                    </div>
                  </div>
                </div>
              </div>
            </div>
          </div>
        </div>
      </div>
    </li>
    <li class="product-list--list-item">
      <div class="product-tile-wrapper">
        <div
          data-auto="product-tile"
          data-auto-type="Quantity"
          data-auto-available="true"
          data-auto-why-not-try="false"
          data-auto-is-restricted-disabled="false"
          data-auto-is-substitute="false"
          class="product-tile"
        >
          <div class="horizontal-tile pending-order-tile">
            <div
              class="tile-content tile-content--has-product-tile-actions"
              id="tile-302292312"
              data-auto-id="302292312"
            >
              <div class="product-tile-actions--has-no-text">
                <div class="favourite-icon">
                  <span
                    class="favorite-heart-icon"
                    title="This item is in your favourites"
                  ></span
                  ><span class="visually-hidden"
                    >This item is in your favourites</span
                  >
                </div>
              </div>
              <a
                href="/groceries/en-GB/products/302292312"
                aria-hidden="true"
                class="product-image-wrapper"
                tabindex="-1"
                ><div class="product-image__container">
                  <img
                    src="https://digitalcontent.api.tesco.com/v2/media/ghs/806f33ca-4e50-4bb1-aaa5-309e12f2eb42/8c56353c-b561-4c92-b896-928955ba7cbf.jpeg?h=225&amp;w=225"
                    alt="Tesco Courgettes"
                    class="product-image"
                    srcset="
                      https://digitalcontent.api.tesco.com/v2/media/ghs/806f33ca-4e50-4bb1-aaa5-309e12f2eb42/8c56353c-b561-4c92-b896-928955ba7cbf.jpeg?h=225&amp;w=225  768w,
                      https://digitalcontent.api.tesco.com/v2/media/ghs/806f33ca-4e50-4bb1-aaa5-309e12f2eb42/8c56353c-b561-4c92-b896-928955ba7cbf.jpeg?h=225&amp;w=225 4000w
                    "
                  /></div
              ></a>
              <div class="product-details--wrapper">
                <div class="product-details--content">
                  <h3 class="ui__StyledTitle-sc-18aswmp-1 kIHRSq">
                    <a
                      href="/groceries/en-GB/products/302292312"
                      class="ui__StyledLink-sc-18aswmp-0 eYySMn"
                      data-auto="product-tile--title"
                      >Tesco Courgettes</a
                    >
                  </h3>
                  <div class="price-per-quantity-weight">
                    <span
                      ><span class="currency">£</span
                      ><span class="space"> </span
                      ><span data-auto="price-value" class="value"
                        >0.42</span
                      ></span
                    ><span class="weight">/each</span>
                  </div>
                </div>
                <a
                  href="/groceries/en-GB/reviews/submission/302292312?from=%2Forders%2F3031-0443-26"
                  aria-label="Write a review for Tesco Courgettes"
                  class="tile-link__StyledLink-sc-1edp62s-0 ebRBWM icon-chevron_right-link"
                  data-auto="review-link"
                  >Write a review</a
                >
                <div class="quantity-label">1 item</div>
                <div class="price-control-wrapper">
                  <div
                    class="price-per-sellable-unit price-per-sellable-unit--price price-per-sellable-unit--price-per-item"
                  >
                    <div class="">
                      <span
                        ><span class="currency">£</span
                        ><span class="space"> </span
                        ><span data-auto="price-value" class="value"
                          >1.25</span
                        ></span
                      >
                    </div>
                  </div>
                </div>
              </div>
            </div>
          </div>
        </div>
      </div>
    </li>
    <li class="product-list--list-item">
      <div class="product-tile-wrapper">
        <div
          data-auto="product-tile"
          data-auto-type="Quantity"
          data-auto-available="true"
          data-auto-why-not-try="false"
          data-auto-is-restricted-disabled="false"
          data-auto-is-substitute="false"
          class="product-tile"
        >
          <div class="horizontal-tile pending-order-tile">
            <div
              class="tile-content tile-content--has-product-tile-actions"
              id="tile-252895723"
              data-auto-id="252895723"
            >
              <div class="product-tile-actions--has-no-text">
                <div class="favourite-icon">
                  <span
                    class="favorite-heart-icon"
                    title="This item is in your favourites"
                  ></span
                  ><span class="visually-hidden"
                    >This item is in your favourites</span
                  >
                </div>
              </div>
              <a
                href="/groceries/en-GB/products/252895723"
                aria-hidden="true"
                class="product-image-wrapper"
                tabindex="-1"
                ><div class="product-image__container">
                  <img
                    src="https://digitalcontent.api.tesco.com/v2/media/ghs/f1c6783a-6350-433f-b971-35c90ea8eccf/1381f3c4-5e5c-4da0-8e22-30ebcc17c5b5.jpeg?h=225&amp;w=225"
                    alt="Pak Choi 250G"
                    class="product-image"
                    srcset="
                      https://digitalcontent.api.tesco.com/v2/media/ghs/f1c6783a-6350-433f-b971-35c90ea8eccf/1381f3c4-5e5c-4da0-8e22-30ebcc17c5b5.jpeg?h=225&amp;w=225  768w,
                      https://digitalcontent.api.tesco.com/v2/media/ghs/f1c6783a-6350-433f-b971-35c90ea8eccf/1381f3c4-5e5c-4da0-8e22-30ebcc17c5b5.jpeg?h=225&amp;w=225 4000w
                    "
                  /></div
              ></a>
              <div class="product-details--wrapper">
                <div class="product-details--content">
                  <h3 class="ui__StyledTitle-sc-18aswmp-1 kIHRSq">
                    <a
                      href="/groceries/en-GB/products/252895723"
                      class="ui__StyledLink-sc-18aswmp-0 eYySMn"
                      data-auto="product-tile--title"
                      >Pak Choi 250G</a
                    >
                  </h3>
                  <div class="price-per-quantity-weight">
                    <span
                      ><span class="currency">£</span
                      ><span class="space"> </span
                      ><span data-auto="price-value" class="value"
                        >5.20</span
                      ></span
                    ><span class="weight">/kg</span>
                  </div>
                </div>
                <a
                  href="/groceries/en-GB/reviews/submission/252895723?from=%2Forders%2F3031-0443-26"
                  aria-label="Write a review for Pak Choi 250G"
                  class="tile-link__StyledLink-sc-1edp62s-0 ebRBWM icon-chevron_right-link"
                  data-auto="review-link"
                  >Write a review</a
                >
                <div class="quantity-label">1 item</div>
                <div class="price-control-wrapper">
                  <div
                    class="price-per-sellable-unit price-per-sellable-unit--price price-per-sellable-unit--price-per-item"
                  >
                    <div class="">
                      <span
                        ><span class="currency">£</span
                        ><span class="space"> </span
                        ><span data-auto="price-value" class="value"
                          >1.30</span
                        ></span
                      >
                    </div>
                  </div>
                </div>
              </div>
            </div>
          </div>
        </div>
      </div>
    </li>
    <li class="product-list--list-item">
      <div class="product-tile-wrapper">
        <div
          data-auto="product-tile"
          data-auto-type="Quantity"
          data-auto-available="true"
          data-auto-why-not-try="false"
          data-auto-is-restricted-disabled="false"
          data-auto-is-substitute="false"
          class="product-tile"
        >
          <div class="horizontal-tile pending-order-tile">
            <div
              class="tile-content tile-content--has-product-tile-actions"
              id="tile-272107544"
              data-auto-id="272107544"
            >
              <div class="product-tile-actions--has-no-text">
                <div class="favourite-icon">
                  <span
                    class="favorite-heart-icon"
                    title="This item is in your favourites"
                  ></span
                  ><span class="visually-hidden"
                    >This item is in your favourites</span
                  >
                </div>
              </div>
              <a
                href="/groceries/en-GB/products/272107544"
                aria-hidden="true"
                class="product-image-wrapper"
                tabindex="-1"
                ><div class="product-image__container">
                  <img
                    src="https://digitalcontent.api.tesco.com/v2/media/ghs/0397d1a4-5713-497f-88b3-518a37ff6b68/f4aa6fc6-0c9a-49e1-a73f-81db1ec45cd5.jpeg?h=225&amp;w=225"
                    alt="Fresh &amp; Naked Spinach 125G"
                    class="product-image"
                    srcset="
                      https://digitalcontent.api.tesco.com/v2/media/ghs/0397d1a4-5713-497f-88b3-518a37ff6b68/f4aa6fc6-0c9a-49e1-a73f-81db1ec45cd5.jpeg?h=225&amp;w=225  768w,
                      https://digitalcontent.api.tesco.com/v2/media/ghs/0397d1a4-5713-497f-88b3-518a37ff6b68/f4aa6fc6-0c9a-49e1-a73f-81db1ec45cd5.jpeg?h=225&amp;w=225 4000w
                    "
                  /></div
              ></a>
              <div class="product-details--wrapper">
                <div class="product-details--content">
                  <h3 class="ui__StyledTitle-sc-18aswmp-1 kIHRSq">
                    <a
                      href="/groceries/en-GB/products/272107544"
                      class="ui__StyledLink-sc-18aswmp-0 eYySMn"
                      data-auto="product-tile--title"
                      >Fresh &amp; Naked Spinach 125G</a
                    >
                  </h3>
                  <div class="price-per-quantity-weight">
                    <span
                      ><span class="currency">£</span
                      ><span class="space"> </span
                      ><span data-auto="price-value" class="value"
                        >7.60</span
                      ></span
                    ><span class="weight">/kg</span>
                  </div>
                </div>
                <a
                  href="/groceries/en-GB/reviews/submission/272107544?from=%2Forders%2F3031-0443-26"
                  aria-label="Write a review for Fresh &amp; Naked Spinach 125G"
                  class="tile-link__StyledLink-sc-1edp62s-0 ebRBWM icon-chevron_right-link"
                  data-auto="review-link"
                  >Write a review</a
                >
                <div class="quantity-label">1 item</div>
                <div class="price-control-wrapper">
                  <div
                    class="price-per-sellable-unit price-per-sellable-unit--price price-per-sellable-unit--price-per-item"
                  >
                    <div class="">
                      <span
                        ><span class="currency">£</span
                        ><span class="space"> </span
                        ><span data-auto="price-value" class="value"
                          >0.95</span
                        ></span
                      >
                    </div>
                  </div>
                </div>
              </div>
            </div>
          </div>
        </div>
      </div>
    </li>
    <li class="product-list--list-item">
      <div class="product-tile-wrapper">
        <div
          data-auto="product-tile"
          data-auto-type="Quantity"
          data-auto-available="true"
          data-auto-why-not-try="false"
          data-auto-is-restricted-disabled="false"
          data-auto-is-substitute="false"
          class="product-tile"
        >
          <div class="horizontal-tile pending-order-tile">
            <div
              class="tile-content tile-content--has-product-tile-actions"
              id="tile-266499399"
              data-auto-id="266499399"
            >
              <div class="product-tile-actions--has-no-text">
                <div class="favourite-icon">
                  <span
                    class="favorite-heart-icon"
                    title="This item is in your favourites"
                  ></span
                  ><span class="visually-hidden"
                    >This item is in your favourites</span
                  >
                </div>
              </div>
              <a
                href="/groceries/en-GB/products/266499399"
                aria-hidden="true"
                class="product-image-wrapper"
                tabindex="-1"
                ><div class="product-image__container">
                  <img
                    src="https://digitalcontent.api.tesco.com/v2/media/ghs/f0893b77-1f9c-48ae-96c6-6c0254872d55/aec7e090-0e62-4824-bb13-ee0d374d1713.jpeg?h=225&amp;w=225"
                    alt="Tesco Clementine Or Sweet Easy Peeler Pack 600G"
                    class="product-image"
                    srcset="
                      https://digitalcontent.api.tesco.com/v2/media/ghs/f0893b77-1f9c-48ae-96c6-6c0254872d55/aec7e090-0e62-4824-bb13-ee0d374d1713.jpeg?h=225&amp;w=225  768w,
                      https://digitalcontent.api.tesco.com/v2/media/ghs/f0893b77-1f9c-48ae-96c6-6c0254872d55/aec7e090-0e62-4824-bb13-ee0d374d1713.jpeg?h=225&amp;w=225 4000w
                    "
                  /></div
              ></a>
              <div class="product-details--wrapper">
                <div class="product-details--content">
                  <h3 class="ui__StyledTitle-sc-18aswmp-1 kIHRSq">
                    <a
                      href="/groceries/en-GB/products/266499399"
                      class="ui__StyledLink-sc-18aswmp-0 eYySMn"
                      data-auto="product-tile--title"
                      >Tesco Clementine Or Sweet Easy Peeler Pack 600G</a
                    >
                  </h3>
                  <div class="price-per-quantity-weight">
                    <span
                      ><span class="currency">£</span
                      ><span class="space"> </span
                      ><span data-auto="price-value" class="value"
                        >2.17</span
                      ></span
                    ><span class="weight">/kg</span>
                  </div>
                </div>
                <a
                  href="/groceries/en-GB/reviews/submission/266499399?from=%2Forders%2F3031-0443-26"
                  aria-label="Write a review for Tesco Clementine Or Sweet Easy Peeler Pack 600G"
                  class="tile-link__StyledLink-sc-1edp62s-0 ebRBWM icon-chevron_right-link"
                  data-auto="review-link"
                  >Write a review</a
                >
                <div class="quantity-label">2 items</div>
                <div class="price-control-wrapper">
                  <div
                    class="price-per-sellable-unit price-per-sellable-unit--price price-per-sellable-unit--price-per-item"
                  >
                    <div class="">
                      <span
                        ><span class="currency">£</span
                        ><span class="space"> </span
                        ><span data-auto="price-value" class="value"
                          >1.30</span
                        ></span
                      >
                    </div>
                  </div>
                </div>
              </div>
            </div>
          </div>
        </div>
      </div>
    </li>
  </ul>
</div>
